1591 2775
499 0 762 41 CAPVT'
803 3 833 41 1.
1277 9 1350 52 657

53 77 132 129 q‘uis
141 73 272 114 audeat
292 71 455 111 Ecclefiae
475 73 621 110 titulum
637 72 780 122 eripere
802 71 844 108 iis
861 68 994 123 quibus
1006 69 1150 111 decima
1171 85 1251 124 pars
1261 75 1347 111 isto-

53 134 137 168 rum
157 129 351 166 criminum
374 126 530 175 impingi
551 123 730 172 nequeat?
744 124 825 174 Qi
839 135 938 160 tanta
959 126 1172 164 morositate
1195 128 1347 165 saeuiunt

54 181 94 231 in
115 181 303 232 praesentes
317 176 487 215 Ecclefias
502 203 511 220 ,
533 176 620 226 quid
641 176 760 225 quaeso
778 174 918 223 Galatis
933 172 1102 214 fecissent
1122 189 1341 217 tantumnon
1359 177 1400 209 In
1409 174 1518 224 princi

51 232 244 284 Euangelii
254 229 497 268 desertoribus
511 228 630 279 :apud
643 241 735 278 quos
759 239 886 264 tamen
898 227 998 265 idem
1011 230 1209 280 Apostolus
1221 231 1342 268 Eccle-
1354 229 1406 275 Pio
1428 231 1503 280 epis?

51 284 116 323 fias
129 282 352 335 reperiebat?

102 350 137 386 15
191 335 388 374 obiiciunt
399 344 505 370 etiam
524 331 625 383 quod
646 331 776 369 Paulus
796 332 962 384 grauiter
982 332 1200 374 Corinthios
1211 334 1342 374 obiur-
1355 357 1451 390 1.Cor
1476 356 1509 401 5'

48 396 126 442 gat,
136 390 220 439 quia
231 386 450 424 flacitiosum
467 384 655 435 hominem
669 386 707 421 in
725 383 787 423 suo
800 385 1045 424 contubernio
1053 384 1174 424 ferant
1188 387 1340 427 :deinde
1354 416 1376 439 a
1388 417 1410 440 2
1455 381 1463 390 ’
1497 382 1508 393 “

45 440 260 491 generalem
276 419 489 476 fententiam
511 439 613 488 ponit
627 463 637 479 ,
650 449 719 487 qua
731 435 832 474 nefas
855 432 926 475 esse
947 439 1161 484 pronuntiat
1173 451 1257 478 cum
1267 438 1338 478 ho·-
1378 431 1385 441 ⁰

45 494 145 530 mine
157 489 342 543 probrosae
358 491 436 527 vitae
452 490 507 527 vel
520 502 651 539 panem
666 487 958 527 comederefiic
971 491 1179 528 exclamant
1192 518 1200 534 ‚
1212 493 1246 529 Si
1258 492 1336 530 vuf-

43 556 173 594 garem
183 555 316 594 panem
327 540 522 579 comedere
535 542 705 578 nonlicet
719 568 728 583 ‚
741 554 875 591 panem
888 544 1046 580 Domini
1060 543 1256 582 comedere
1266 542 1333 595 qui

43 596 155 634 liceat
168 597 323 634 ÷Fate0r
333 589 431 632 certe
444 607 621 646 magnum
632 595 809 645 probrum
835 592 950 637 c‘fftzfi
963 597 1058 633 inter
1071 594 1168 633 filios
1188 597 1261 633 Dei
1272 596 1334 634 lo„

45 661 127 687 cum
140 648 300 686 habeant
314 649 414 697 porci
429 651 460 684 δε
477 660 597 684 canes:
612 645 731 683 multo
747 650 856 684 etiam
870 649 984 685 maius
1005 647 1031 684 fi
1046 648 1332 699 illis‘prustitua-

44 713 102 740 tur
113 699 379 738 sacrosanctum
395 700 427 735 C
435 698 530 736 bristi
543 700 827 750 corpus.Neque
838 699 938 742 vero,
946 700 970 737 fi
981 695 1075 738 be'ne
1086 712 1237 739 moratae
1248 702 1332 741 ertit

46 752 212 792 Ecclefiae
225 752 417 789 sceleratos
432 753 467 789 in
482 753 556 788 {inu
569 751 632 789 suo
647 749 850 789 ferentznec
863 752 907 788 ad
921 751 1058 790 sacrum
1070 752 1163 791 illud
1176 753 1328 804 epulum
1381 763 1385 765 ’

43 804 292 860 dignosfimul
313 817 352 840 ac
378 804 548 857 indignos
563 802 765 854 promiscue
787 803 993 842 admittent.
1007 802 1144 843 νει-ἔω]
1156 808 1239 856 quia
1252 820 1330 845 non

41 860 93 897 ita
109 855 233 896 sedulo
245 859 385 907 semper
408 856 606 910 aduigilant
616 857 776 907 pastores
788 884 798 900 ‚
809 857 995 906 interdum
1009 859 1122 895 etiam
1134 858 1330 910 indulgen-

42 913 153 949 tiores
165 904 245 948 sunt
255 907 362 959 quim
376 913 561 958 oporteat,
578 909 636 946 vel
647 909 896 960 impediuntur
909 913 1104 959 quominus
1116 923 1198 948 eain
1211 924 1328 962 quam

39 963 150 1001 vellet
162 958 394 1000 seueritatem
407 973 577 998 exercere
589 959 725 1011 poffint
739 977 747 999 :
763 959 806 999 fit
821 973 858 999 vt
869 963 918 998 no
930 961 1067 1012 semper
1079 962 1328 1002 submonean-

38 1029 97 1054 tur
108 1017 217 1052 etiam
231 1012 347 1064 pal‘am
360 1013 445 1050 mali
457 1012 476 1050 Ξι
489 1014 695 1051 Γεηξὶοῐαιτι
717 1014 978 1051 contubernio.
999 1016 1087 1052 Hoc
1107 1017 1236 1053 vitium
1249 1014 1325 1055 effe

37 1067 172 1106 fateor:
186 1078 510 1117 nequeextenuare
522 1066 607 1102 volo
621 1092 630 1106 ,
645 1078 754 1115 quum
774 1066 902 1103 Paulus
915 1068 1046 1104 acriter
1066 1069 1104 1105 in
1115 1068 1324 1107 Corinthiis

36 1118 282 1171 reprehendat
298 1145 306 1154 .
317 1114 454 1155 Verum
469 1118 608 1155 etiamfi
630 1118 829 1155 Ecclesiam
852 1116 977 1155 officio
991 1116 1101 1157 ceffet
1115 1147 1124 1162 ,
1137 1133 1211 1157 non
1232 1120 1321 1160 ideo

38 1174 203 1223 protinus
222 1168 500 1220 vniuscuiusque
521 1171 648 1220 priuati
661 1170 914 1207 eritiudicinm
938 1172 1174 1221 separationis
1186 1168 1335 1212 fibisu-'

38 1237 156 1262 mere.
169 1225 256 1261 Non
269 1221 439 1273 equidem
462 1235 559 1275 nego
571 1224 655 1273 quin
669 1223 721 1272 pii
742 1221 900 1259 hominis
913 1223 957 1261 fit
976 1223 1025 1260 ab
1051 1227 1155 1261 omni
1179 1227 1322 1275 priuata

35 1276 291 1323 improborum
303 1275 566 1312 consuetudine
578 1273 612 1311 se
627 1273 840 1317 subducere,
854 1275 954 1313 nulla
968 1275 1004 1313 se
1016 1276 1221 1315 voluntaria
1233 1290 1320 1315 cum

33 1328 116 1379 ipfis
131 1325 395 1365 necessitudine
415 1328 614 1377 implicare.
630 1326 692 1364 sed
710 1327 804 1365 aliud
817 1328 868 1364 est
879 1328 1062 1374 malorum
1077 1327 1209 1385 fugere
1228 1343 1321 1367 con-

35 1381 256 1419 tubernium:
268 1378 365 1417 aliud
376 1406 385 1421 ‚
399 1378 558 1429 ipsorum
571 1378 673 1422 odio,
687 1379 851 1426 Ecclesiae
871 1383 1174 1419 communionem
1187 1393 1336 1421 renun-'

35 1435 140 1472 tiare.
154 1430 275 1484 Q‘od
285 1444 408 1469 autem
429 1431 654 1482 sacrilegium
668 1429 739 1469 effe
753 1444 884 1482 putant
905 1435 1121 1484 participare
1143 1447 1225 1473 cum
1246 1435 1320 1474 illis

32 1498 166 1538 panem
181 1486 340 1522 Domini
355 1512 365 1527 ,
377 1486 414 1521 in
425 1498 472 1522 eo
491 1484 684 1536 rigidiores
706 1484 825 1522 multo
838 1485 918 1524 sunt
939 1485 1048 1537 quam
1062 1487 1203 1525 Paulus.
1216 1489 1316 1526 Nam
1333 1490 1491 1535 Lem-{152

34 1551 152 1589 quum
170 1536 215 1574 ad
227 1537 387 1574 sanctam
412 1541 447 1573 &
467 1549 596 1588 putam
618 1538 934 1588 participationem
957 1552 1024 1576 nos
1039 1538 1404 1596 hortatur‚nonf.28'

35 1591 153 1641 exigit
164 1602 200 1626 vt
213 1602 301 1626 vnus
315 1589 428 1626 alium
440 1591 638 1630 examinet,
649 1602 709 1627 aut
721 1588 961 1641 vnusquisque
971 1603 1091 1629 totam
1103 1592 1316 1631 Ecclefiam:

33 1642 96 1680 sed
110 1655 144 1679 vt
157 1641 285 1693 finguli
298 1641 332 1678 se
355 1640 525 1690 probent.
539 1643 573 1678 Si
593 1654 675 1679 cum
696 1641 847 1692 indigno
865 1644 1139 1682 communicare
1152 1644 1250 1683 nefas
1262 1646 1316 1683 es-

31 1694 246 1738 set,iuberet
261 1689 359 1731 certe
381 1694 511 1731 Paulus
523 1707 590 1730 nos
603 1695 863 1742 circunspicere
884 1708 1011 1734 annon
1023 1696 1200 1746 aliquisin
1221 1698 1318 1736 mul-

29 1745 192 1785 titudine
209 1742 300 1782 effer
311 1749 412 1784 cuius
426 1746 658 1783 immunditia
670 1745 933 1795 pollueremur.
948 1761 1043 1785 nunc
1054 1763 1167 1798 quum
1181 1751 1316 1800 proba-

32 1802 172 1838 tionem
189 1797 396 1849 suiipsorum
413 1796 526 1835 solinu
543 1797 562 1834 ὲ
575 1798 718 1849 singulis
731 1800 895 1848 requirit,
909 1800 1070 1838 ostendit
1082 1801 1233 1839 minime
1247 1817 1315 1839 no-

31 1852 87 1890 bis
107 1847 235 1888 obeffe
258 1850 347 1900 fiqui
366 1852 506 1903 indigni
531 1851 564 1888 se
585 1851 771 1887 nobiscum
793 1854 973 1902 ingerant.
988 1854 1069 1890 Nec
1079 1853 1154 1891 alio
1177 1854 1314 1906 spectat

30 1904 127 1956 quod
139 1905 263 1954 postea
279 1903 437 1944 subiicit,
450 1902 532 1954 Qgi
547 1900 695 1956 indigne
710 1904 923 1948 manducat.
937 1905 1109 1942 iudicium
1120 1907 1185 1944 fibi
1206 1921 1311 1945 man-
1327 1916 1424 1957 ibini.
1436 1933 1483 1965 29

30 1958 137 1995 d'ucat
153 1959 184 1992 δε
201 1955 307 1993 bibit.
321 1957 410 1993 Non
423 1955 511 1994 dicit
531 1956 609 1992 aliis
622 1983 630 1997 ,
647 1955 703 1992 sed
717 1955 795 1993 fibi.
808 1955 996 1995 Ermerito
1011 1971 1149 2008 :neque
1161 1962 1313 1999 enimin
1388 1951 1413 1973 ὁ
1462 1965 1467 1968 ’

29 2008 254 2062 singulorum
275 2008 425 2045 arbitrio
446 2008 551 2045 fitam
566 2003 637 2045 effe
658 2006 770 2045 debet
789 2011 852 2059 qui
875 2010 1067 2058 recipiendi
1077 2015 1110 2048 &
1121 2016 1179 2062 qui
1192 2013 1314 2063 repel-

31 2060 131 2099 lendi
144 2060 363 2101 fint.Totius
379 2060 541 2098 Eccleliae
556 2060 630 2098 haec
641 2061 807 2113 cognitio
819 2063 869 2098 est
882 2088 891 2103 ‚
906 2074 983 2112 quae
996 2066 1155 2101 exerceri
1175 2066 1247 2102 fine
1259 2067 1308 2104 le.

29 2115 164 2167 gitimo
178 2113 306 2150 ordine
318 2127 390 2149 non
403 2115 545 2164 potest,
561 2125 597 2150 vt
609 2110 714 2150 fufius
729 2114 852 2164 postea
865 2114 1016 2152 dicetur.
1035 2118 1204 2165 Iniquum
1218 2131 1310 2170 ergo

29 2169 98 2203 erit
114 2167 297 2214 priuatum
310 2165 469 2217 aliquem
484 2166 631 2203 alterius
644 2165 863 2218 indignitate
875 2167 1002 2216 pollui,
1016 2181 1123 2218 quem
1133 2182 1256 2208 arcere
1266 2171 1313 2207 ab

29 2211 166 2255 accessu
179 2230 245 2254 nec
261 2219 378 2267 potest
391 2232 435 2256 ne
447 2218 570 2255 debet.

86 2278 127 2305 16
212 2282 392 2320 umquam
403 2284 527 2308 autem
541 2284 584 2308 ex
598 2269 845 2308 incofiderato
856 2273 1000 2310 iustitiae
1013 2273 1097 2310 zelo
1111 2274 1183 2312 liaec
1194 2288 1317 2314 tenta-

31 2322 84 2358 tio
95 2321 202 2359 bonis
215 2324 327 2360 etiam
349 2323 532 2362 interdum
554 2323 724 2361 oboritur
738 2323 832 2361 :hoc
853 2337 974 2362 tamen
998 2329 1221 2375 reperiemus
1236 2355 1247 2370 ⁷
1259 2330 1316 2364 ni-

29 2375 140 2410 miam
153 2373 407 2413 morositatem
420 2389 463 2413 ex
480 2376 644 2426 superbia
656 2379 769 2427 magis
791 2380 824 2417 δι
839 2375 928 2414 fastu
942 2375 1106 2427 falsique
1121 2381 1315 2417 sanctitatis

31 2426 223 2476 opinione,
237 2423 347 2477 quam
359 2440 402 2466 ex
414 2441 499 2470 vera
511 2428 698 2466 sanstitate
716 2428 880 2480 veroque
891 2430 966 2469 eius
981 2430 1098 2518 stsssso.
1113 2432 1215 2468 nasci.
1226 2435 1314 2484 ltaq;

1076 2495 1113 2519 ,1⁹
