1591 2775
509 11 743 50 cAPvT
795 12 882 49 XI.
1295 2 1361 53 2457

79 74 194 119 enim*
206 73 466 131 superuacuum
487 79 536 115 est
547 77 636 116 illud
649 78 775 120 Pauli,
790 77 914 117 datum
926 71 1030 114 fuisse
1050 73 1157 112 nobis
1179 72 1361 112 Christum
1374 71 1479 104 1.Cor.
1491 61 1521 102 12

80 133 116 169 in
139 133 310 169 iustitiam
334 135 367 168 Bt
394 128 731 168 sanctificationem.
765 130 809 167 Et
820 131 966 178 quoties
979 127 997 165 ὲ
1008 127 1122 165 salute
1143 127 1253 163 nobis
1278 138 1357 176 par·
1373 117 1456 166 d-sso

82 195 143 226 ta,
164 182 184 220 ὲ
205 196 360 234 paterno
381 195 507 219 amore
518 185 588 219 Dei
602 207 612 225 ,
637 179 657 219 ὲ
674 181 812 219 ‘Christi
834 182 948 231 gratia
967 179 1205 217 ratiocinatur
1224 191 1290 214 nos
1312 175 1360 213 ad

78 235 308 274 sanctitatem
334 239 368 272 δε
382 233 597 272 munditiem
621 246 770 271 vocatos
784 230 876 274 effe,
891 227 1019 283 aperte
1030 231 1162 268 indicat
1175 229 1270 267 aliud
1285 226 1358 266 effe

77 286 256 326 iustificari
267 286 374 337 quam
388 285 465 324 fieri
479 299 590 323 nouas
603 272 970 323 creaturasNbi‘vero
984 284 1026 320 :id
1039 285 1256 332 Scripturam
1270 294 1359 318 ven-

77 351 156 377 tum
171 340 218 376 est
231 368 239 379 .
254 339 410 376 totidem
424 340 623 388 corrumpit
636 338 736 375 locos
749 351 837 388 quot
850 339 949 375 citat.
963 337 1032 374 Vbi
1047 336 1177 374 Paulus
1198 335 1285 371 dicit
1297 345 1359 368 re-

76 394 197 440 putari
220 391 329 430 fidem
343 389 387 426 ad
400 391 570 428 iustitiam
594 404 667 427 non
680 392 847 439 operanti
862 416 873 430 ‚
886 389 943 426 sed
957 388 1120 426 credenti
1142 389 1178 423 in
1195 398 1277 423 eum
1294 385 1357 429 qui

74 441 239 481 iustificat
249 442 401 493 impium
414 469 423 484 ‚
436 444 589 492 exponit
604 444 666 479 iuss
674 455 733 479 um
748 440 904 480 efficere.
922 441 1059 478 Eadem
1070 441 1276 485 temeritate
1289 437 1357 473 de—
1507 488 1511 491 ν

75 507 207 544 prauat
224 507 343 532 totum
365 493 456 531 illud
482 507 650 544 quartum
665 506 773 544 caput
784 493 827 530 ad
850 497 1066 532 Romanos:
1083 504 1200 541 neque
1214 489 1354 527 dubitat
1369 498 1464 529 Rom.
1477 503 1514 539 4.

73 546 206 583 eodem
231 545 316 583 fuco
337 544 482 584 inficere
495 546 593 594 quod
613 558 728 595 nuper
748 548 879 587 titani,
903 546 1004 597 Qis
1017 543 1199 581 accusabit
1217 542 1353 579 eleetos
1367 558 1419 594 ας

72 599 160 636 Dei?
175 601 275 637 Deus
287 600 335 636 est
348 605 405 648 qui
418 597 595 636 iustificat.
610 598 670 635 vbi
681 599 725 636 de
736 611 838 636 reatu
849 603 882 636 8<
893 598 1125 636 ahlolutione
1145 595 1355 644 {impliciter

73 652 134 704 agi
144 648 262 701 palam
277 652 386 691 est,ac
398 664 441 687 ex
454 651 623 688 antithesi
638 651 798 699 pendere
812 650 983 701 Apostoli
997 649 1147 687 sensum.
1161 650 1258 696 Ergo
1277 658 1355 682 tam

69 702 107 738 in
125 705 267 740 ratione
281 702 341 740 illa
364 701 471 752 quam
487 707 522 739 in
534 703 682 741 citandis
696 705 882 751 Scripturae
896 701 1072 754 suffragiis
1095 697 1251 738 nimium
1264 697 1355 736 futi-

70 753 115 791 lis
128 753 426 806 deprehenditur.
448 755 578 793 Nihilo
592 758 702 792 etiam
716 753 848 792 rectius
864 755 908 793 de
921 767 1071 792 nomine
1092 754 1234 791 iustitiae
1247 747 1355 789 disse-
1398 794 1402 797 Α

71 807 120 844 rit
132 834 142 850 ,
157 805 255 857 quod
270 808 402 844 scilicet
425 806 581 844 Abrahae
593 820 753 857 reputata
764 808 874 845 fuerit
886 806 974 844 fides
1001 811 1034 843 iu
1048 807 1217 843 iustitiam
1232 831 1240 846 ‚
1255 803 1356 850 post-

70 871 179 909 quam
194 859 379 908 amplexus
393 859 656 909 Christum(qui
672 863 743 897 Dei
756 861 888 897 iustitia
901 861 949 896 est
964 862 1102 896 &Deus
1113 856 1354 910 ipse)eximiis

70 911 262 948 virtutibus
274 911 617 950 excelluerat.Vnde
628 924 776 961 apparet
787 925 829 948 ex
841 911 983 949 duobus
995 911 1142 957 integris
1157 909 1201 946 ab
1214 910 1289 952 ipso
1305 921 1354 943 vi-

69 960 164 1000 tiose
178 962 255 1000 fieri
269 977 378 1001 vnum
391 959 740 1013 corruptum.neque
753 966 849 1000 enim
865 965 1114 1005 iustitia,cuius
1129 962 1201 998 illic
1213 959 1253 999 fit
1267 973 1353 996 men

67 1015 184 1057 tio‚ad
196 1029 316 1054 totum
330 1017 531 1054 vocationis
545 1014 684 1052 cursum
700 1016 961 1064 pertinenquin
976 1011 1098 1064 potius
1112 1015 1262 1050 testatur
1276 1013 1354 1062 Spi-

68 1069 159 1104 ritus
171 1094 182 1109 ‚
194 1068 346 1117 quanuis
361 1068 496 1105 eximia
510 1063 599 1104 esset
611 1068 815 1114 praestantia
835 1070 1005 1105 virtutum
1022 1066 1176 1103 Abrahae
1188 1092 1197 1106 ,
1215 1064 1352 1113 diuque

70 1119 338 1169 perseuerando
361 1118 508 1156 tandem
519 1115 673 1155 auxisset
686 1145 695 1160 ‚
709 1132 784 1155 non
804 1131 928 1157 tamen
950 1118 1055 1156 aliter
1067 1115 1241 1169 placuisse
1252 1120 1350 1158 Deo.

68 1171 135 1207 nifi
150 1169 247 1222 quod
256 1173 414 1221 gratiam
437 1172 472 1207 in
485 1168 723 1220 promissione
743 1171 910 1209 oblatam
926 1169 997 1208 fide
1008 1172 1146 1219 recepit
1183 1170 1284 1206 Vnde
1297 1168 1352 1208 se.-

66 1225 194 1272 quitur
206 1224 242 1259 in
255 1221 509 1260 iustificatione
529 1222 672 1260 nullum
687 1224 860 1273 operibus
873 1221 946 1262 esse
957 1225 1090 1265 locum,
1103 1222 1208 1260 ficuti
1222 1220 1352 1260 Paulus

65 1272 154 1312 scite
168 1274 368 1314 contendit.

119 1339 143 1370 7
194 1326 318 1379 Qod
329 1328 550 1368 obiicit‚vim
563 1325 775 1365 iustificandi
788 1342 862 1366 non
876 1325 986 1366 ineffe
1000 1327 1081 1366 fidei
1095 1341 1138 1366 ex
1154 1326 1276 1377 seipsa,
1290 1324 1352 1363 sed

65 1392 244 1429 quatenus
255 1380 435 1417 Christum
448 1381 589 1429 recipit,
602 1380 762 1418 libenter
775 1380 1034 1418 admitto.nam
1046 1381 1070 1418 fi
1083 1394 1145 1429 per
1159 1383 1206 1421 se,
1222 1380 1280 1416 vel
1292 1380 1351 1416 in-

67 1433 275 1475 trinseca,vt
287 1432 639 1482 loquuntur,virtute
650 1432 862 1470 iustificaret
875 1430 1020 1476 fides,vt
1034 1435 1081 1477 est
1096 1432 1236 1482 semper
1247 1430 1352 1469 debi-

66 1483 110 1520 lis
121 1488 152 1520 &
164 1482 391 1534 imperfecta,
406 1498 478 1521 non
491 1483 651 1522 efficeret
665 1484 735 1522 hoc
748 1485 813 1522 m'fi
825 1499 866 1522 ex
880 1499 989 1536 parte.
1002 1485 1047 1523 fic
1059 1497 1183 1523 manca
1195 1482 1283 1522 effet
1294 1486 1352 1521 iu-

64 1535 250 1586 stitiaquae
263 1535 452 1573 frustulum
466 1537 582 1573 salutis
594 1537 702 1574 nobis
715 1536 996 1576 conferretNos
1008 1537 1157 1589 quidem
1171 1536 1263 1573 nihil
1275 1535 1350 1574 tale

63 1588 333 1640 imaginamur,
348 1587 407 1625 sed
424 1587 566 1638 proprie
581 1587 763 1639 loquendo
786 1592 1028 1627 Deumvnum
1050 1588 1241 1628 iustificare
1262 1588 1350 1626 dici-

63 1652 146 1678 mus
160 1668 170 1680 ,
185 1640 315 1678 deinde
329 1639 400 1677 hoc
413 1640 511 1677 idem
534 1640 786 1678 transferimus
809 1641 853 1678 ad
866 1642 1049 1680 Christum
1062 1669 1071 1683 ,
1085 1644 1167 1692 quia
1182 1641 1284 1678 datus
1297 1642 1349 1678 est

64 1692 171 1730 nobis
184 1695 220 1729 in
233 1693 418 1729 iustitiam.
432 1689 544 1729 fldem
557 1693 644 1730 vero
658 1693 755 1743 quasi
769 1694 838 1730 vali
852 1694 1084 1737 conferimus,
1097 1696 1182 1745 quia
1196 1693 1259 1731 nifi
1272 1695 1349 1741 exi-3

62 1746 176 1783 naniti
188 1744 232 1781 ad
244 1743 488 1794 expetendam
513 1743 640 1781 Christi
665 1749 823 1799 gratiam
839 1758 968 1797 aperto
979 1748 1108 1784 animae
1129 1759 1195 1782 ore
1206 1746 1345 1783 accedi-

61 1810 143 1835 mus
157 1823 167 1838 ‚
183 1811 257 1833 non
271 1797 346 1834 sum
354 1810 392 1833 us
405 1796 536 1834 Christi
547 1810 705 1846 capaces.
731 1797 836 1835 Vnde
846 1799 1031 1853 colligitur
1044 1826 1053 1841 ,
1069 1814 1141 1836 non
1153 1797 1345 1835 detrahere

60 1862 129 1886 nos
141 1848 287 1886 Christo
302 1851 372 1886 vim
393 1847 606 1886 iustificandi
620 1877 629 1892 ,
645 1850 728 1893 dum
740 1847 835 1900 prius
851 1864 935 1889 eum
948 1850 1020 1889 fide
1033 1853 1142 1902 recipi
1166 1851 1344 1888 docemus

60 1900 170 1951 quam
185 1901 282 1939 illius
295 1902 614 1951 iustitiamNeque
627 1915 749 1939 tamen
763 1905 900 1940 interea
913 1903 1094 1941 tortuosas
1107 1903 1210 1941 huius
1224 1902 1344 1954 sophi-

43 1954 118 1991 'stae
129 1952 261 2004 figuras
281 1953 436 1991 admitto
450 1981 459 1996 ,
473 1967 584 2004 quum
605 1953 690 1991 dicit
709 1953 822 1992 fidem
845 1953 915 1993 effe
927 1956 1122 1994 Christum.
1142 1956 1240 2007 quali
1254 1953 1341 1993 vero

58 2006 137 2044 olla
145 2005 265 2044 fictilis
277 2007 318 2043 fit
328 2005 524 2048 thesaurus,
538 2006 638 2055 quod
649 2010 683 2044 in
696 2020 737 2044 ea
749 2007 976 2046 reconditum
992 2009 1031 2046 fit
1043 2022 1187 2046 aurum.
1206 2007 1341 2058 Neque

59 2059 157 2096 enim
173 2058 310 2096 diuersa
321 2060 415 2096 ratio
428 2059 478 2095 est
490 2061 574 2108 quin
593 2058 683 2096 fides
696 2087 706 2103 ,
720 2063 827 2097 etiam
841 2060 864 2096 fi
878 2062 1008 2099 nullius
1023 2060 1134 2110 perse
1145 2061 1338 2112 dignitatis

58 2111 102 2148 fit
113 2110 170 2148 vel
183 2112 372 2160 pretii.nos
385 2108 751 2152 iustificecsshristum
766 2108 902 2149 afferen
910 2113 971 2155 do,
984 2115 1071 2151 ficut
1083 2113 1158 2150 olla
1173 2115 1338 2163 pecuniis

59 2161 189 2201 referta
202 2162 391 2201 hominem
412 2163 625 2212 locupletat.
639 2161 765 2201 Inscite
779 2177 869 2216 ergo
883 2164 991 2203 fidem
1005 2194 1014 2209 ,
1027 2179 1109 2216 quae
1122 2168 1156 2203 in
1164 2166 1340 2203 strumen-

59 2226 138 2252 tum
152 2215 201 2252 est
214 2214 390 2252 duntaxat
401 2216 639 2265 percipiendae
650 2217 789 2254 iustitiae
802 2243 811 2259 ,
825 2219 907 2255 dico
922 2220 1061 2256 misceri
1079 2231 1163 2255 cum
1179 2217 1337 2260 Christo,

59 2268 124 2315 qui
137 2267 333 2304 materialis
349 2269 397 2304 est
407 2267 511 2305 causa
523 2295 533 2309 ,
549 2268 710 2319 tantique
724 2267 895 2306 beneficii
917 2270 1048 2309 author
1065 2271 1217 2308 simul&
1230 2271 1337 2307 mini-

59 2318 142 2355 ster.
155 2321 229 2355 Iam
244 2319 430 2369 expeditus
445 2321 493 2357 est
506 2320 566 2358 ille
579 2334 726 2372 quoque
744 2321 858 2359 nodus
871 2349 879 2364 ,
893 2325 1084 2372 quomodo
1105 2323 1261 2376 intelligi
1272 2322 1336 2360 de·
1384 2351 1386 2353 .

56 2369 142 2407 beat
155 2371 366 2409 vocabulum
379 2371 555 2414 Fidei,vbi
567 2374 610 2410 de
622 2373 879 2412 iustificatione
890 2379 1023 2429 agitur.
1073 2384 1075 2386 '

109 2425 129 2457 8
185 2426 224 2460 In
236 2422 365 2462 Christi
374 2427 587 2475 receptione
597 2424 746 2479 longius
756 2425 976 2479 p'rouehitur
989 2445 997 2468 :
1010 2443 1144 2480 nempe
1155 2428 1258 2468 verbi
1268 2440 1332 2466 ex-

1045 2483 1120 2522 ΡΝ.
