1591 2775
239 12 253 18 ‚,
294 14 310 23 w
658 0 676 13 ὐ

231 20 310 62 θῶ.
613 18 1169 78 LIBRLQVARTI

239 83 312 123 effe
321 82 530 128 rudimenta
545 85 592 124 ad
603 86 852 129 humilitatem
876 86 973 139 quod
986 89 1182 128 hominum
1195 102 1336 130 mentes
1352 89 1522 146 iugo-sut}

236 136 418 186 depressas
430 135 533 176 humi
544 138 810 183 detinent,hinc
819 140 973 179 alteram
985 141 1120 180 habent
1138 143 1524 184 commendationem„
1564 149 1566 151 '

238 188 433 227 Postremo
445 191 529 240 quia
540 190 706 230 videntur
719 191 768 230 eo
788 192 950 243 spectare
963 207 1000 231 vt
1013 198 1128 232 carnis
1150 194 1294 232 delicias
1307 195 1518 238 cohibeant,

240 243 279 278 &
292 240 516 280 abstinentiae
525 243 649 296 rigore
658 243 760 281 illam
774 243 956 298 subigant.
973 245 1055 283 iden
1068 247 1234 285 videntur
1244 246 1442 298 prudenter
1454 260 1521 285 ex·
1530 247 1535 258 ²

238 304 287 330 co
318 294 426 332 itatae.
437 295 542 347 Qid
552 307 672 334 autem
685 295 733 334 ad
743 295 818 335 haec
828 297 968 335 Paulus?
981 311 1067 335 num
1081 299 1199 337 lanias
1211 299 1290 336 illas
1303 304 1457 342 excutit,
1470 311 1520 337 ne

239 342 291 383 fal
308 359 332 383 o
344 358 518 395 praetextu
528 347 702 397 simplices
712 347 928 387 deludantur
940 359 951 387 Ξ
962 351 1157 401 Qoniarn
1170 350 1239 388 hoc
1256 351 1317 389 sati
1323 365 1338 388 s
1351 349 1397 388 ad
1407 349 1520 388 refel-
1566 368 1569 374 Δ

239 396 394 435 lendum
419 394 490 436 effe
502 400 710 443 censuerat,
723 400 823 450 quod
834 400 973 440 dixerat
995 401 1066 440 ess‘e
1079 403 1272 441 hominum
1295 415 1519 448 commenta,

241 447 321 486 haec
330 451 469 493 omnia,
482 463 656 500 tanquam
668 463 736 501 pro
748 452 863 490 nihilo
876 452 1022 497 habeat,
1033 455 1106 492 fine
1116 454 1338 493 refutatione
1349 455 1519 504 praeterit.

238 499 327 538 Jmo
351 506 437 551 quia
457 515 613 540 nouerat
624 505 660 539 in
685 503 838 542 Ecclesia
858 517 988 541 omnes
1009 509 1287 545 commentitios
1312 506 1430 544 cultus
1449 502 1522 544 effe

241 552 437 594 damnatos
451 581 462 596 ‚
476 559 511 591 &
524 552 569 592 εὸ
591 557 702 606 magis
717 555 893 606 suspectos
905 554 977 594 effe
988 556 1156 597 fidelibus
1172 558 1245 607 quo
1259 560 1453 597 humanum
1466 560 1523 595 in-

241 607 395 656 genium
407 608 519 657 magis
531 605 721 644 oble&ant
735 620 744 642 z
757 610 842 656 quia
852 622 1005 647 nouerat
1025 609 1154 647 falsam
1169 612 1270 648 illam
1286 623 1443 648 externae
1454 610 1526 647 hu-

179 696 181 699 ,
238 656 410 695 militatis
421 659 620 709 imaginem
634 656 748 696 {vera
760 659 962 697 humilitate
985 673 1126 699 tantum
1141 662 1268 700 distare
1277 675 1313 699 vt
1335 660 1441 701 facile
1453 660 1523 699 dis-

239 721 472 747 cerneretur:
487 711 571 760 quia
584 710 741 761 denique
762 724 918 749 nouerat
931 712 1033 753 illam
1056 713 1308 767 paedagogiam
1326 728 1398 751 non
1412 713 1525 764 pluris

242 761 410 799 aestimari
422 760 529 812 quam
549 765 714 812 corporis
726 765 1026 801 exercitationem
1039 780 1047 802 ε
1061 779 1103 803 ea
1115 768 1187 817 ipsa
1200 780 1265 816 pro
1282 766 1524 805 humanarum

242 812 485 851 traditionum
497 813 720 853 refutatione
747 815 860 852 voluit
872 812 943 853 effe
955 815 1121 857 fidelibus
1135 846 1144 862 ‚
1158 819 1314 869 quorum
1326 819 1440 870 gratia
1451 817 1524 855 111ae

239 864 343 915 apud
355 866 546 915 imperitos
560 867 930 905 commendabantur.
1312 916 1314 919 Ι

291 929 329 954 12
382 919 438 956 Sic
452 916 563 956 hodie
581 921 872 957 ceremoniarum
892 919 1096 971 spectaculo
1108 934 1182 957 non
1193 920 1311 959 modo
1332 921 1456 974 vulgus
1469 924 1526 960 in-

240 967 394 1007 doctum
407 996 417 1013 ‚
430 969 491 1008 sed
502 982 541 1008 vt
560 973 710 1022 quisque
724 971 905 1010 mundana
927 972 1117 1022 prudentia
1128 970 1285 1011 maxime
1301 975 1448 1013 inflatus
1460 975 1525 1017 est,

238 1017 397 1060 mirifice
409 1022 562 1071 capitur.
586 1024 801 1073 Hypocritae
821 1022 906 1061 vero
932 1029 965 1061 &
979 1023 1088 1062 fatuae
1109 1025 1330 1064 mulierculae
1352 1026 1444 1064 nihil
1459 1039 1526 1063 nec

242 1073 440 1124 speciosius
450 1087 516 1111 nec
526 1075 658 1113 melius
671 1077 825 1113 cooitari
838 1074 936 1126 poffe
950 1079 1194 1115 existimat-At
1207 1081 1268 1128 qui
1279 1077 1436 1129 penitius
1458 1078 1527 1115 dis-

240 1128 383 1164 cutiunt
397 1130 433 1164 &
456 1123 574 1164 verius
587 1110 799 1178 expendunt
824 1125 1019 1166 secundum
1032 1131 1175 1178 pietatis
1192 1131 1355 1181 regulam
1368 1131 1454 1181 quid
1467 1141 1526 1168 tot

229 1190 283 1216 ‘ac
295 1177 384 1216 tales
394 1181 612 1216 ceremoniae
623 1179 779 1221 valeant,
795 1180 1003 1231 intelligunt
1015 1185 1104 1230 prim
1112 1178 1173 1217 um
1187 1195 1302 1235 nugas
1316 1181 1388 1220 effe
1399 1209 1409 1225 ,
1425 1181 1527 1233 quod
1576 1203 1577 1206 =

237 1229 331 1268 nihil
349 1230 516 1268 vtilitatis
528 1230 701 1268 habeant:
717 1231 849 1268 deinde
863 1231 1173 1284 praestigias,quod
1185 1234 1421 1283 spectantium
1434 1248 1527 1273 ocu-
1576 1269 1577 1272 ,

235 1281 296 1319 vlos
308 1284 405 1319 inani
417 1295 553 1334 pompa
565 1282 756 1321 deludunt.
780 1286 837 1320 De
849 1286 890 1321 iis
905 1287 1120 1322 ceremoniis
1145 1284 1280 1335 loquor
1292 1286 1425 1336 quibus
1440 1285 1528 1324 sub-

236 1333 317 1373 efl‘e
327 1347 459 1386 magna
471 1336 642 1386 mysteria
651 1335 779 1373 volunt
791 1334 1045 1375 Romanenses
1057 1338 1303 1387 magistrimos
1314 1338 1402 1375 nihil
1414 1336 1527 1389 qua‘im

237 1400 342 1426 mera
354 1387 510 1424 ludibria
523 1388 743 1438 experimur.
765 1390 845 1425 Nec
859 1390 993 1425 mirum
1018 1389 1067 1425 est
1083 1402 1204 1426 earum
1217 1388 1391 1428 authores
1407 1389 1452 1428 eo
1462 1389 1527 1429 de-
1576 1406 1577 1431 1

238 1439 359 1490 lapsos
373 1434 444 1476 effe
456 1452 494 1477 vt
512 1439 656 1477 friuolis
670 1441 815 1489 ineptiis
839 1443 871 1476 ὅ(
886 1439 921 1477 se
940 1440 1030 1485 alios
1044 1440 1232 1478 luderent:
1246 1444 1328 1491 quia
1341 1444 1467 1493 partim
1481 1457 1527 1480 ex
1576 1455 1577 1463 ¹

241 1492 419 1530 Gentium
433 1490 566 1528 delitiis
580 1491 766 1542 exemplar
779 1491 842 1528 fibi
858 1492 1207 1542 sumpserfit,partini
1220 1493 1406 1531 fimiarum
1420 1507 1529 1531 more

239 1556 381 1582 temere
393 1545 528 1581 imitati
540 1544 619 1582 sunt
645 1557 785 1582 veteres
808 1544 983 1581 Mosaicae
1002 1546 1107 1594 Legis
1121 1545 1209 1582 ritus
1220 1571 1230 1586 ,
1245 1547 1305 1595 qui
1320 1545 1435 1584 nihilo
1449 1549 1528 1583 ma-

238 1598 292 1649 gis
305 1595 349 1632 ad
362 1609 429 1633 nos
443 1595 677 1646 pertinebant
695 1593 806 1646 quam
819 1595 998 1646 pecudum
1019 1598 1177 1634 viffimae
1189 1623 1199 1639 ‚
1215 1601 1249 1634 δε
1263 1598 1402 1648 reliqua
1417 1597 1470 1635 his
1482 1597 1530 1634 fi-

238 1647 444 1686 milia.Sane
458 1648 597 1685 etiamsi
610 1648 749 1686 nullum
763 1647 860 1685 aliud
873 1649 914 1685 fit
927 1660 1198 1701 argumentum,
1217 1661 1343 1687 tamen
1357 1663 1401 1688 ex
1413 1649 1528 1687 farra·
1576 1652 1578 1678 ἰ

238 1702 325 1752 gine
336 1713 411 1737 tam
427 1698 525 1738 male
537 1701 687 1738 consuta
699 1713 810 1738 nemo
822 1699 923 1737 sanus
935 1701 1070 1751 aliquid
1084 1698 1172 1738 boni
1182 1702 1351 1752 sperabit.
1366 1703 1411 1740 Et
1424 1715 1478 1741 res
1491 1703 1522 1738 i-

240 1753 302 1804 psa
314 1751 432 1802 palam
443 1752 665 1790 demonstrat
678 1780 687 1795 ‚
701 1751 874 1802 plurimas
891 1755 1113 1791 ceremonias
1126 1766 1200 1790 non
1212 1753 1323 1791 alium
1334 1753 1471 1792 habere
1486 1767 1530 1791 v-

240 1805 318 1842 sum
331 1804 398 1841 nisi
411 1817 449 1842 vt
461 1804 637 1854 populum
652 1802 945 1855 obstupefaciant
965 1807 1079 1857 tnagis
1093 1803 1199 1854 qudm
1212 1804 1427 1844 doceant.fic
1442 1811 1474 1842 δε
1490 1809 1526 1843 iu

241 1857 392 1895 nouitiis
405 1858 477 1894 istis
498 1857 713 1895 Canonibus
727 1883 736 1900 ,
752 1858 815 1907 qui
827 1856 1047 1907 disciplinam
1069 1858 1259 1895 inuertunt
1276 1862 1393 1908 magis
1415 1856 1526 1908 quam

243 1909 459 1946 conseruant
472 1936 481 1950 ‚
495 1909 653 1947 multum
667 1913 849 1946 momenti
864 1921 1044 1958 reponunt
1057 1909 1266 1959 hypocritae.
1292 1909 1397 1960 siquis
1410 1912 1530 1947 intro-

242 1962 368 2010 spiciat
379 1959 530 2002 melius.
549 1963 708 2013 reperiet
722 1961 813 1998 nihil
835 1956 906 1999 effe
920 1972 1048 2012 praeter
1070 1961 1264 1999 vmbratile
1278 1967 1312 1999 ὃς
1331 1962 1527 2000 euanidum

244 2012 438 2064 disciplinae
451 2012 640 2064 speClrum.

295 2076 329 2109 13
379 2069 457 2102 Iam
469 2063 615 2114 νετὸζνε
626 2065 672 2103 ad
684 2066 841 2104 alterum
855 2066 1095 2118 veniam)quis
1110 2079 1183 2104 non
1199 2065 1300 2104 videt
1313 2066 1529 2104 traditiones

243 2116 332 2155 ali-as
343 2116 424 2154 aliis
437 2117 718 2159 coaceruainn
732 2131 873 2157 tantum
887 2132 1080 2157 numerum
1097 2116 1292 2156 excreuiffe
1305 2132 1343 2156 vt
1354 2119 1527 2156 Christia-

233 2182 299 2217 ,nae
311 2168 471 2207 Ecclesiae
481 2169 584 2207 nullo
597 2169 713 2207 modo
727 2170 791 2208 lint
802 2171 1013 2209 tolerabiles
1028 2181 1046 2210 ἓ,
1056 2171 1149 2208 Hinc
1159 2169 1298 2208 fastum
1311 2171 1359 2207 est
1372 2184 1405 2209 vt
1418 2173 1454 2207 in
1467 2183 1528 2207 ce-
1579 2167 1580 2170 ¹

245 2223 422 2259 remoniis
434 2233 609 2272 appareat
623 2222 821 2260 Iudaismus
836 2224 958 2260 nescio
972 2225 1144 2274 quis,aliae
1157 2223 1432 2262 obseruationes
1443 2234 1527 2273 gra-

246 2285 332 2311 uem
344 2275 411 2324 piis
424 2275 554 2311 animis
579 2272 822 2312 carnificinam
837 2271 1002 2312 afferant.
1029 2276 1335 2325 Couquerebatur
1360 2276 1529 2328 Augusti-

67 2317 228 2357 Adlanu.
245 2337 313 2363 nus
325 2324 423 2376 quod
437 2326 500 2364 suo
513 2339 683 2376 tempore
698 2353 707 2367 ,
719 2328 891 2378 neglectis
903 2329 974 2365 Dei
986 2330 1173 2381 praepeptis
1187 2355 1197 2370 ‚
1210 2340 1285 2365 tam
1299 2327 1422 2366 multis
1439 2339 1525 2377 prae-
1588 2359 1589 2364 ,

69 2374 159 2422 rftfl·
172 2385 225 2414 119
246 2379 514 2429 sumptionibus
528 2379 637 2428 plena
648 2375 761 2416 effent
773 2380 896 2416 omnia
907 2406 916 2421 ,
933 2392 968 2416 vt
978 2376 1126 2430 grauius
1138 2380 1380 2430 corriperetur
1395 2381 1453 2429 qui
1465 2390 1529 2428 per
1583 2391 1591 2410 ι·

245 2431 395 2470 o&auas
407 2429 482 2470 suas
496 2443 635 2470 terram
647 2431 745 2473 nudo
757 2430 850 2488 pede
875 2432 1043 2486 tetigerat
1055 2430 1162 2483 quam
1175 2434 1236 2483 qui
1248 2443 1410 2469 mentem
1426 2433 1530 2467 vino-
1578 2434 1591 2528 ἰ

1418 2483 1533 2522 lentia
