1591 2775
67 9 100 26 ‘⁷
528 12 777 51 cAPv‘r
832 10 921 50 Χῖ.
1276 5 1340 56 7εὲ

61 81 281 125 hana'verbi
292 81 366 119 Dei
378 81 536 133 puritate
549 91 758 119 auerterunt
771 106 780 122 ‚
793 91 869 117 turn
882 79 1022 129 iniquas
1034 77 1249 117 traditiones
1261 82 1346 129 qui-

63 139 131 176 bus
144 136 254 187 ipsam
267 135 487 184 illaqueatur
503 159 513 176 ,
528 145 606 170 tum
622 131 1031 181 pseudoecclcfiasticam
1044 130 1342 173 iurisdietionem,

64 200 175 241 quam
188 200 252 238 per
265 183 509 238 suffraganeos
525 188 559 221 δε
579 181 754 221 officiales
767 195 948 220 exercent.
959 185 1059 220 Nam
1081 184 1104 219 ii
1127 182 1270 220 Christo
1283 194 1342 220 re-

55 281 57 283 ,
93 252 181 278 num
203 242 297 276 iuter
320 250 386 274 nos
397 237 638 288 permittimus
649 261 658 278 ‚
672 235 748 272 fieri
771 248 844 272 non
865 235 985 285 potest
1005 237 1090 286 quin
1115 247 1230 272 totum
1252 232 1345 272 istud

62 255 320 330 {ominanonis
331 302 447 341 genus
471 288 660 336 extemplo
673 288 914 337 prosternatur
924 299 963 323 ac
975 299 1132 323 corruat·
1146 291 1205 325 Ius
1218 299 1345 324 autem

64 342 176 398 gladii
198 341 296 392 quod
310 343 374 378 fibi
388 352 537 391 quoque
551 339 716 377 tribuunt
729 363 738 381 ‚
752 340 878 388 quiain
891 336 1127 376 conscientias
1147 352 1221 375 non
1244 352 1346 376 exer-

64 394 333 435 cetuntraetare
347 393 525 442 praesentis
541 394 681 445 negotii
693 404 766 428 non
782 392 846 428 est.
858 391 948 442 Qa
961 403 1080 427 tamen
1094 392 1202 428 etiam
1215 392 1249 427 in
1265 403 1348 440 par-

61 460 99 486 te
113 445 407 484 animaduertere
421 447 701 494 operaepretium
715 445 778 486 est,
791 443 841 479 sui
856 443 996 493 semper
1011 440 1081 480 effe
1092 443 1220 479 limiles
1233 456 1242 478 :
1256 440 1347 479 nihil

66 495 199 538 scilicet
210 500 327 535 minus
341 496 448 547 qu‘am
471 495 571 545 quod
594 495 715 532 haberi
733 495 860 532 volunt
873 521 883 536 ,
898 494 1059 533 Ecclefiae
1081 495 1348 544 pastores.Nec

66 550 260 602 peculiaria
280 548 473 585 hominum
496 550 580 585 vitia
593 575 603 590 ,
630 547 688 585 sed
710 560 905 584 commune
928 549 1038 585 totius
1063 546 1198 584 ordinis
1221 546 1346 588 scelus,

65 601 356 652 adeoqueipsam
379 600 515 637 ordinis
529 602 665 649 pestem
682 611 817 650 arguo:
841 599 988 650 quando
1013 598 1161 637 mutilus
1183 598 1246 636 ille
1267 596 1352 635 fore

69 654 239 696 creditur,
253 653 314 689 nili
327 653 514 704 opulentia
529 657 562 689 &
576 651 737 702 superbis
751 651 861 689 titulis
883 650 1082 702 spetstabilis
1097 650 1222 688 fuerit.
1235 652 1268 688 Si
1283 649 1352 688 hac

67 706 114 743 de
127 719 165 744 re
181 705 311 743 Christi
324 703 588 742 authoritatem
604 716 795 754 quaerimus
807 730 817 746 ,
831 717 903 741 non
927 703 1076 741 dubium
1089 706 1174 754 quin
1188 703 1289 741 verbi
1302 703 1354 740 sui

68 759 253 796 ministros
268 755 286 794 ὲ
303 758 403 793 ciuili
416 755 680 794 dominatione
693 769 733 792 ac
746 768 910 794 terrreno
922 757 1077 807 imperio
1090 768 1211 793 arcere
1225 754 1355 793 volue-
1437 800 1447 803 -

67 812 135 853 rit,
146 822 259 859 quum
273 809 408 846 diceret
424 834 434 850 ‚
452 812 574 861 Reges
590 811 765 845 Gentium
789 807 1024 846 dominantur
1039 807 1130 845 illis:
1150 822 1212 845 vos
1227 819 1351 845 autem
1366 801 1523 845 Mani&

61 875 147 900 -non
163 862 219 898 sic.
243 860 433 914 Significat
455 865 552 897 enim
576 874 650 897 non
674 858 789 897 modo
802 862 952 911 pastoris
964 857 1125 897 officium
1146 859 1351 897 distinctum
1366 852 1522 907 d.25‚luc‚

72 911 144 957 effe
156 913 202 951 ab
214 911 338 951 officio
350 914 520 964 principis
536 927 544 949 :
558 912 618 950 (ed
637 925 692 950 res
711 909 780 949 effe
805 915 920 963 magis
948 911 1122 962 separatas
1136 910 1243 963 quam
1256 925 1294 950 vt
1316 914 1354 949 in
1368 922 1500 957 22..c.25

70 977 184 1005 vnum
206 965 396 1003 bominem
418 969 519 1009 coire
539 976 684 1015 queant.
696 967 794 1002 Nam
808 963 905 1013 quod
918 965 1041 1002 Moses
1056 977 1232 1015 vtrunque
1252 964 1355 1002 fimul
1370 969 1455 999 Exo·
1471 967 1523 1015 ¹⁸:

71 1019 235 1063 sustinuit
247 1044 258 1061 ‚
271 1019 436 1068 primum
449 1029 531 1054 raro
555 1017 591 1054 id
604 1017 784 1054 miraculo
805 1015 940 1054 fastum
953 1018 1023 1054 est:
1038 1015 1169 1054 deinde
1180 1015 1251 1054 fuit
1263 1029 1356 1055 tem·
1370 1022 1439 1064 μιᾷ

72 1071 394 1121 Ροτατίιιω,ἀοηεσ
404 1083 459 1106 res
472 1068 602 1106 melius
613 1081 938 1117 componerentur.
955 1069 1024 1106 Vbi
1034 1080 1158 1106 autem
1173 1081 1268 1107 certa
1283 1067 1361 1107 for-

71 1135 134 1161 ma
146 1121 165 1160 a
178 1123 343 1160 Domino
356 1120 598 1171 pra-scribitur
610 1146 619 1163 ,
634 1121 750 1157 ciuilis
764 1120 988 1172 gubernatio
1001 1120 1268 1171 &relinquitur
1281 1136 1290 1160 :
1304 1124 1360 1160 sa-

75 1176 280 1213 cerdotium
293 1174 440 1211 iubetur
450 1170 554 1209 fratri
568 1172 802 1224 resignare&
818 1170 964 1208 merito.
978 1174 1028 1209 est
1043 1175 1139 1209 enim
1154 1174 1259 1223 supra
1270 1188 1358 1214 natu

74 1241 155 1264 ram
171 1239 207 1264 vt
222 1238 310 1262 vnus
336 1224 451 1262 horno
463 1226 604 1274 vtrique
623 1226 725 1262 oneri
739 1222 901 1261 sufficiat.
915 1222 1025 1274 idque
1036 1222 1102 1262 fuit
1115 1221 1243 1263 seculis
1254 1229 1358 1266 omni

75 1278 143 1316 bus
157 1277 353 1330 diligenter
365 1280 401 1313 in
419 1277 570 1314 Ecclefia
593 1275 840 1314 obseruatum.
852 1276 1131 1326 Necquisquam
1143 1278 1263 1316 extitit
1276 1280 1361 1330 Epi·-

75 1331 267 1381 scoporum
282 1355 292 1370 ,
305 1328 464 1380 quandiu
478 1328 622 1366 durauit
635 1341 719 1366 vera
730 1329 852 1376 aliqua
865 1328 1025 1366 Ecclefiae
1037 1330 1146 1366 facies
1160 1355 1170 1373 ,
1186 1331 1306 1379 quide
1319 1345 1358 1369 v-

76 1381 255 1433 surpando
268 1383 348 1418 iure
360 1380 470 1433 gladii
483 1392 661 1432 cogitaret
677 1394 685 1418 :
701 1392 736 1418 vt
750 1380 842 1417 istud
854 1379 942 1418 esset
954 1380 1101 1431 vulgare
1121 1383 1359 1431 prouerbium

77 1434 261 1480 Ain-brolii
287 1445 392 1470 aetate
405 1459 414 1475 ‚
433 1437 677 1482 Imperatores
699 1434 814 1484 magis
831 1432 1073 1470 sacerdotium
1093 1431 1235 1483 optasse
1253 1434 1360 1487 quam
1371 1415 1479 1464 Κῴη

77 1488 276 1537 imperium
290 1485 522 1526 Sacerdotes.
539 1486 622 1522 Erat
643 1487 736 1521 enim
759 1499 795 1521 in
817 1487 988 1522 omnium
1009 1487 1189 1523 mentibus
1210 1488 1360 1527 infixum
1373 1468 1430 1502 'm‘
1445 1467 1529 1527 '’m''

77 1537 177 1588 quod
192 1539 314 1588 postea
327 1537 434 1580 dicit,
449 1536 513 1574 Ad'
529 1540 795 1587 Imperatorem
812 1539 995 1587 pertinere
1008 1537 1140 1588 palatia
1154 1564 1163 1581 ‚
1178 1539 1222 1577 ad
1242 1543 1360 1579 Sacer·
1373 1516 1530 1584 ‘lebasjl'f‘

80 1592 206 1627 dotem
222 1588 402 1626 Ecclesias.
1376 1569 1530 1624 ‘ndidffi

122 1655 144 1685 9
191 1642 425 1690 Posteaquam
439 1637 526 1677 verb
539 1641 745 1691 excogitata
757 1638 827 1677 fuit
837 1641 929 1678 ratio
940 1655 1011 1693 qua
1026 1641 1189 1694 Episcopi
1203 1643 1363 1687 titulum,

80 1693 263 1731 honorem
277 1705 387 1743 ‚opes
408 1692 458 1730 sui
480 1694 637 1730 muneris
662 1705 832 1729 tenerent
853 1693 927 1730 fine
947 1708 1060 1733 onere
1070 1708 1112 1733 ac
1124 1694 1366 1736 solicitudine:

82 1758 130 1783 ne
147 1745 252 1783 otiosi
265 1744 405 1795 prorsus
419 1744 731 1794 relinquerentur,
746 1744 881 1781 insiliis
893 1745 1004 1797 gladii
1019 1747 1142 1786 datum
1156 1750 1218 1791 est,
1232 1749 1288 1785 vel
1300 1763 1369 1800 po-

83 1799 152 1836 tius
165 1797 228 1847 ipfi
243 1798 307 1834 sibi
321 1796 926 1847 vsurparuntHancimpudentiam
941 1811 1013 1849 quo
1035 1801 1178 1838 tandem
1192 1813 1368 1852 praetextu

76 1848 304 1889 ,defendente
322 1853 378 1885 An
399 1849 620 1886 iudiciorum
634 1849 908 1900 cognitionibus
921 1877 931 1893 ,
943 1851 1207 1903 ciuitatfimque
1222 1858 1256 1890 &
1278 1867 1367 1904 pro-

82 1904 282 1940 uinciatum
295 1901 667 1938 administrationibus
680 1902 752 1938 sese
766 1901 1009 1945 inuoluere&
1026 1908 1284 1954 occupationes
1299 1906 1319 1943 a
1332 1907 1366 1944 se

85 1966 159 1991 tam
172 1954 307 1990 alienas
320 1950 427 1991 latiffi
436 1951 491 1989 me
505 1953 675 2002 amplecti
691 1980 700 1997 ‚
712 1954 745 1990 id
758 1953 1015 2004 Episcoporum
1029 1969 1107 1994 etat
1118 1966 1128 1994 ξ
1141 1957 1270 2007 quibus
1284 1970 1368 1996 tan-

84 2017 163 2043 tum
176 2007 212 2041 in
227 2006 289 2042 suo
302 2017 455 2042 munere
467 2018 586 2055 operae
596 2018 635 2042 ac
647 2009 789 2056 negotii
815 2007 863 2042 est
879 2032 888 2049 ,
904 2019 939 2044 vt
952 2007 977 2043 fi
990 2008 1064 2045 illic
1076 2010 1146 2046 toti
1164 2007 1368 2061 affiduique

70 2058 235 2099 *finenec
250 2057 326 2093 vllis
340 2059 590 2094 auocamentis
602 2057 830 2100 distrahatur,
844 2060 899 2095 vix
913 2071 1036 2097 tamen
1049 2058 1209 2099 sufficere
1221 2075 1369 2112 queant.

86 2114 138 2146 At
153 2107 324 2157 vero,qua
337 2111 412 2145 sunt
427 2110 779 2159 peruicacia,iaetare
792 2123 865 2147 non
879 2110 1111 2155 dubitant‚fic
1127 2126 1194 2164 pro
1206 2114 1368 2166 dignita-

87 2174 123 2199 te
139 2162 271 2198 florere
283 2162 439 2211 gloriam
454 2165 554 2214 regni
568 2163 709 2204 Christi,
723 2160 790 2198 nec
802 2159 836 2198 se
849 2164 992 2200 interim
1007 2161 1161 2202 nimium
1176 2167 1332 2205 abstrahi
1343 2166 1366 2204 εὶ

88 2214 291 2250 vocationis
304 2215 370 2250 luae
388 2214 560 2263 partibus.
572 2214 730 2264 Qautti
749 2214 793 2250 ad
805 2217 901 2264 prius
916 2215 1005 2254 illud
1016 2218 1148 2254 attinet
1159 2243 1168 2259 ‚
1184 2218 1207 2254 fi
1220 2218 1290 2256 hoc
1303 2219 1366 2256 de-

88 2277 217 2301 corum
232 2266 280 2301 est
293 2263 375 2302 sacri
399 2266 558 2302 muneris
570 2278 825 2303 ornamentum
839 2293 849 2309 ,
864 2265 908 2302 eo
930 2265 1059 2320 fastigii
1077 2270 1227 2307 euectos
1248 2269 1318 2308 effe
1331 2283 1367 2308 vt

90 2314 238 2354 summis
251 2317 445 2368 quibusque
456 2317 658 2354 monarchis
671 2318 734 2355 lint
746 2317 993 2357 formidabiles
1009 2336 1017 2357 :
1032 2323 1079 2357 est
1092 2334 1245 2360 curcum
1259 2323 1369 2360 Chri-

90 2369 144 2405 sto
168 2368 398 2416 expostulent
411 2395 420 2410 ,
444 2367 463 2406 ὲ
474 2382 547 2419 quo
571 2373 730 2420 grauiter
754 2382 798 2406 eo
822 2371 934 2407 modo
957 2373 1056 2409 laesus
1078 2374 1128 2409 est
1152 2387 1278 2412 eorum
1299 2377 1367 2413 ho-

88 2433 171 2457 nor.
185 2420 292 2471 Qid
316 2423 411 2458 enim
432 2421 729 2460 contumeliofius
742 2448 751 2466 ,
765 2435 893 2460 eorum
916 2424 1063 2473 quidem
1084 2427 1261 2475 opinione
1275 2461 1283 2475 ‚
1298 2435 1366 2471 dici
