1591 2775
241 31 308 78 ‚886
583 32 811 81 *LIBRI
856 32 1174 85 QVARTr
1555 0 1587 82 ‘³321

241 98 297 137 nis
313 95 338 135 fi
368 94 419 133 nis
431 92 661 132 substantiam
674 122 684 137 ‚
706 94 765 132 sed
776 107 811 133 vt
823 95 998 135 docerent
1011 111 1077 148 pan
1087 112 1148 136 em
1171 98 1344 150 mysterio
1366 96 1527 137 dicatum'

242 148 356 199 longe
368 146 386 186 ὲ
399 146 538 201 vulgati
557 147 685 185 distare
697 173 706 190 ,
725 160 766 185 ac
787 150 860 185 iam
880 149 993 187 alium
1006 147 1091 188 effe.
1132 151 1274 201 Vbique
1290 162 1415 188 autem
1426 147 1524 188 clare

242 200 436 252 praedicant
450 209 577 237 omnes
591 201 724 237 sacram
745 201 900 237 Coenam
913 201 1052 240 duabus
1073 202 1231 252 partibus
1243 204 1405 240 constare
1418 228 1428 245 ,
1452 215 1526 240 tet·
1570 214 1579 219 ’

247 266 338 292 rena
353 256 386 289 δε
405 252 532 289 caelesti
549 263 608 289 :ac
623 252 805 289 terrena‘m
819 253 890 290 fine
905 255 1149 293 controuerfia
1171 258 1452 303 interpretantur
1464 267 1528 303 pa-

248 318 334 344 nem
358 308 392 341 &
412 307 550 342 vinum.
578 301 689 340 Certe
711 303 879 355 quicquid
900 308 1056 359 garriant
1070 335 1078 349 ,
1097 308 1282 344 vetustatis
1306 308 1525 357 patrocinio,

248 356 348 406 quod
359 355 520 394 euidenti
541 358 612 392 Dei
630 355 741 393 verbo
757 357 847 406 saepe
860 371 1051 407 opponere
1074 359 1259 399 audent.in
1274 355 1527 395 confirmando

248 410 319 446 isto
331 407 506 459 dogmate
515 406 658 444 destitui
670 406 789 457 palam
805 410 937 446 est.nec
949 411 1044 448 enim
1059 413 1107 448 ita
1120 412 1261 461 pridem
1275 423 1364 447 exco
1395 413 1529 447 itatum
1575 455 1578 458 Δ

249 460 323 499 fuit
334 487 344 504 ,
368 462 576 511 ignoratum
589 458 734 509 quidem
758 474 831 497 nou
843 461 1056 500 melioribus
1071 463 1138 500 illis
1151 462 1273 501 seculis
1288 464 1400 499 modo
1413 490 1424 504 ‚
1445 465 1530 511 qui-

250 514 315 552 bus
328 514 458 563 purior
469 510 586 549 adhuc
611 514 641 547 vi
674 511 754 549 ebat
767 512 955 566 religionis
976 513 1157 552 doctrina:
1173 515 1229 552 sed
1246 527 1358 564 quum
1382 516 1450 550 iam
1465 512 1529 550 ad·
1553 520 1557 522 ’

187 585 197 602 t
243 564 397 603 modum
411 564 600 612 inquinata
663 575 698 601 et
709 563 770 601 illa
789 568 936 614 puritas.
968 567 1093 603 Nemo
1107 569 1157 605 est
1169 579 1330 604 veterum
1353 569 1415 615 qui
1427 564 1527 602 sacra
1584 565 1586 568 ’

243 619 370 656 ,Coenae
384 614 548 667 symbola
565 628 638 652 non
650 613 808 654 fateatur
820 614 958 655 disertis
971 618 1087 655 verbis
1106 630 1236 668 panem
1251 624 1283 656 δι
1300 619 1423 655 vinum
1437 612 1525 655 effe:
1586 656 1587 661 ¹

247 670 310 709 etsi
326 668 507 706 vtdistum
522 667 572 705 est
584 670 703 710 ‚variis
716 667 888 718 epithetis
899 669 960 706 illa
973 671 1152 709 interdum
1165 671 1352 720 insignium
1366 669 1409 707 ad
1423 681 1530 706 cotn-
1586 667 1587 670 ’

245 719 490 760 mendandam
503 719 666 770 mysterii
677 719 907 771 dignitatem.
920 722 1016 759 Nam
1034 721 1133 772 quod
1147 722 1320 765 dicunt‚in
1334 720 1529 758 consecra-

246 775 349 817 tione
362 770 442 810 fieri
453 783 620 808 arcanam
633 772 907 809 conuerfionem
923 799 933 816 ‚
948 786 985 811 vt
998 775 1071 811 iam
1084 773 1182 811 aliud
1198 774 1239 811 fit
1253 771 1358 823 quam
1371 775 1473 824 panis
1489 777 1525 810 Sc

245 825 370 863 vinum
384 851 394 866 ,
415 836 531 874 nuper
542 823 715 862 admonui
727 837 773 861 eo
797 838 871 862 non
884 823 1083 888 significare
1093 828 1128 863 in
1140 825 1297 863 nihilum
1310 825 1382 874 ipsa
1394 824 1524 876 redigi,

244 876 309 915 sed
321 878 391 914 iam
403 875 572 913 alioloco
590 875 757 913 habenda
774 872 846 914 esse
858 890 963 927 quam
978 890 1192 916 communes
1209 877 1310 915 cibos
1323 903 1333 919 ‚
1358 878 1416 926 qui
1432 877 1528 914 dun-

244 941 347 967 taxat
357 927 401 965 ad
412 926 626 978 pascendum
642 940 806 966 ventrem
830 929 908 966 sunt
922 928 1085 968 destinati
1103 943 1233 980 :quum
1246 933 1282 967 in
1293 931 1333 966 iis
1345 929 1450 966 nobis
1465 941 1527 966 ex·

243 981 413 1019 hibeatur
426 980 616 1031 spiritualis
626 983 755 1019 animae
767 980 865 1018 cibus
876 994 915 1018 ac
926 994 1049 1030 potus.
1066 981 1104 1020 Id
1119 995 1238 1031 neque
1252 995 1320 1019 nos
1333 993 1524 1036 negamus.
1577 993 1583 998 ’

240 1035 275 1071 Si
287 1033 475 1071 conuerfio
488 1033 718 1082 est‚inquiunt
731 1030 943 1076 isti‚neceffe
955 1035 1002 1071 est
1015 1034 1113 1073 aliud
1128 1048 1169 1072 ex
1183 1034 1258 1072 aiio
1275 1032 1402 1072 fieti&
1415 1032 1528 1080 intel-

239 1082 458 1139 ligunt,fieri
470 1084 605 1134 aliquid
617 1084 715 1135 quod
727 1087 822 1134 prius
834 1099 905 1123 non
924 1097 1016 1128 erat,
1029 1085 1249 1124 assentior&
1261 1085 1304 1124 ad
1315 1085 1373 1123 sua
1387 1086 1484 1122 illam
1498 1086 1527 1122 i-

240 1138 533 1188 maginationem
548 1136 692 1174 trahere
706 1137 836 1175 volunt
848 1164 856 1180 ,
869 1138 1110 1189 respondeant
1124 1139 1211 1176 mihi
1227 1151 1336 1190 quarn
1350 1139 1528 1175 mutatio-

240 1184 327 1228 neth
342 1188 420 1227 fieri
433 1188 584 1226 sentiant
595 1190 629 1225 in
644 1190 842 1239 Baptismo.
858 1192 953 1227 Nam
967 1193 1090 1229 Patres
1103 1189 1161 1228 hic
1174 1203 1320 1241 quoque
1330 1187 1525 1227 mirificam

239 1241 516 1279 conuersionem
538 1241 721 1281 statuunt,
745 1254 857 1291 quum
876 1241 998 1288 dicunt
1019 1256 1061 1280 ex
1086 1242 1313 1292 corruptibili
1335 1241 1522 1279 elemento

239 1292 323 1332 fieti
333 1288 514 1343 spirituale
527 1294 655 1330 animae
667 1294 873 1334 lauactum.
896 1305 1025 1341 aquam
1039 1307 1158 1332 tamen
1171 1307 1321 1332 manere
1333 1306 1446 1331 nemo
1460 1306 1523 1330 ne-

240 1357 317 1399 gat.
345 1348 397 1382 At
412 1344 500 1382 nihil
515 1371 523 1387 ,
550 1347 717 1393 inquiunt
729 1372 738 1387 ,
763 1346 832 1382 tale
843 1348 877 1382 in
891 1347 1077 1394 Baptismo
1092 1345 1242 1384 habetur
1255 1346 1361 1395 quale
1374 1345 1461 1383 illud
1473 1345 1523 1382 est

237 1402 278 1435 in
292 1399 408 1435 Coena
420 1423 429 1439 ,
447 1399 531 1435 Hoc
544 1400 591 1434 est
604 1410 734 1447 corpus
748 1411 887 1434 meum.
899 1398 1016 1449 Qafi
1028 1398 1072 1435 de
1084 1398 1199 1435 verbis
1215 1400 1282 1436 illis
1297 1409 1521 1451 agatur,quae

239 1449 545 1498 satisexpeditum
558 1447 696 1485 sensum
713 1449 850 1487 babent
864 1465 871 1486 ε
885 1462 925 1485 ac
938 1464 1011 1487 non
1027 1447 1146 1499 potius
1168 1450 1212 1487 de
1235 1450 1296 1487 illa
1320 1463 1407 1486 voce
1421 1451 1524 1486 Con-

237 1502 416 1539 uerfionis
432 1528 442 1544 ‚
465 1514 543 1549 quae
559 1500 647 1538 nihil
659 1502 814 1551 amplius
828 1503 863 1538 in
888 1504 1003 1539 Coena
1015 1500 1212 1553 significare
1237 1502 1348 1539 debet
1361 1499 1469 1551 quam
1485 1514 1523 1538 in

247 1553 443 1604 Baptismo.
483 1553 757 1605 Valeantigitur
777 1554 944 1590 cumistis
967 1555 1186 1604 syliabarum
1207 1555 1369 1604 aucupiis
1392 1552 1524 1604 quibus

242 1604 446 1645 nihilaliud
458 1603 562 1656 quam
586 1603 684 1643 suam
706 1607 934 1642 ieiunitatem
958 1606 1131 1654 produnt.
1155 1608 1234 1644 Nec
1247 1606 1332 1643 veto
1347 1604 1526 1656 fignifica-

241 1661 297 1697 tio
310 1657 416 1695 aliter
436 1657 634 1708 quadraret
650 1684 659 1699 ‚
683 1657 744 1694 nifi
762 1660 892 1695 veritas
904 1671 982 1704 quae
994 1659 1068 1696 illic
1091 1657 1265 1711 figuratur
1278 1685 1287 1698 ,
1311 1660 1431 1695 vinam
1445 1654 1524 1694 effi·

38 1726 109 1775 A
234 1713 338 1762 giem
352 1708 503 1746 haberet
524 1712 560 1747 in
583 1722 737 1748 externo
761 1710 876 1761 signo.
910 1710 1035 1748 Voluit
1063 1710 1224 1749 christus
1249 1723 1401 1748 externo
1423 1709 1522 1759 sym-

0 1785 30 1825 (a
94 1754 329 1820 ssmbolo
346 1762 478 1804 testari,
494 1774 637 1799 carnem
653 1761 749 1799 suam
764 1760 833 1799 effe
844 1762 1005 1800 cibum.si
1019 1764 1127 1800 inane
1140 1762 1316 1801 duntaxat
1329 1763 1427 1812 panis
1439 1762 1523 1811 spe-

0 1802 217 1890 L
122 1837 154 1867 gt
154 1816 446 1862 Mstrummon
462 1826 591 1864 panem
605 1827 727 1850 verum
743 1827 967 1864 proponeret
981 1841 990 1857 ,
1006 1814 1063 1852 vbi
1077 1815 1249 1869 analogia
1265 1841 1274 1857 ‚
1287 1815 1341 1851 vel
1356 1813 1520 1851 similitu-

0 1882 145 1924 Ἀμώς·
235 1867 287 1904 do
303 1893 313 1908 ‚
339 1879 419 1917 quae
431 1866 610 1903 deducere
623 1880 688 1903 nos
702 1864 720 1903 Ξὶ
733 1880 771 1903 re
789 1866 916 1903 vifibili
928 1866 973 1904 ad
994 1867 1210 1904 inuifibilem
1225 1865 1355 1905 debet?
1370 1868 1468 1903 Nam
1484 1877 1522 1904 vt

234 1921 471 1965 omniainter
487 1918 519 1955 se
541 1922 783 1956 conueniant:
798 1932 872 1956 non
892 1920 1044 1973 longius
1065 1920 1099 1958 se
1114 1919 1287 1957 extendet
1303 1915 1522 1969 significatio

236 1970 345 2021 quarn
360 1984 425 2007 nos
449 1967 567 2019 specie
591 1971 703 2008 carnis
722 1970 857 2008 'Christi
878 1970 984 2020 pasci.
1005 1970 1335 2023 Qemadmodutn
1361 1970 1432 2008 siin
1446 1974 1518 2007 Ba-

235 2022 372 2074 ptismo
385 2021 501 2076 figura
512 2035 611 2072 aquae
624 2022 751 2060 oculos
764 2020 911 2061 falleret
924 2051 933 2064 ,
955 2023 1057 2060 nobis
1070 2036 1210 2061 certum
1223 2037 1297 2060 non
1312 2019 1398 2059 esset
1412 2021 1519 2059 ablu-

233 2077 348 2113 tionis
361 2079 489 2112 nostrae
501 2076 651 2127 pignus:
668 2073 748 2113 imo
759 2073 879 2113 fallaci
892 2075 957 2113 illo
977 2075 1184 2127 spestaculo
1210 2074 1397 2113 vacillandi
1409 2073 1515 2112 nobis

235 2127 376 2165 occafio
388 2126 427 2164 da
434 2127 728 2164 returAEuertitur
740 2140 829 2181 ergo
843 2129 1062 2166 sacramenti
1074 2139 1202 2166 natura
1214 2126 1278 2164 nifi
1292 2129 1329 2163 in
1345 2127 1461 2164 modo
1474 2126 1519 2163 fi-

234 2178 428 2232 gnificandi
441 2191 624 2220 terrenum
638 2179 778 2232 signum
792 2181 844 2217 tei
857 2180 986 2218 caelesti
998 2179 1203 2230 respodeat.
1216 2183 1269 2216 Ac
1285 2178 1436 2229 proinde
1451 2191 1514 2228 pe-

234 2234 283 2269 rit
295 2232 397 2269 nobis
411 2231 568 2281 mysterii
583 2230 688 2267 buius
701 2235 832 2269 veritas
845 2233 910 2268 nifi
922 2245 1025 2270 vetus
1039 2232 1141 2282 panis
1154 2244 1279 2269 verum
1292 2231 1420 2269 Christi
1434 2243 1520 2268 cor-

234 2296 300 2335 pus
309 2281 554 2334 tepraesentet.
572 2285 706 2321 Iterum
719 2295 859 2332 repeto,
873 2283 1008 2335 Qum
1020 2287 1135 2322 Coena
1148 2282 1343 2321 nihilaliud
1354 2283 1396 2321 fit
1406 2280 1517 2333 quam

234 2338 428 2387 'conspicua
440 2337 516 2373 eius
530 2332 776 2384 promiffionis
801 2334 1004 2374 testificatio
1029 2349 1109 2387 quae
1132 2336 1303 2373 Iohannis
1324 2335 1424 2373 sexto
1449 2334 1516 2372 ha-

101 2409 112 2440 4
234 2388 491 2438 betur,nempe
505 2388 685 2427 ,Christum
699 2384 773 2426 esse
783 2400 915 2437 panem
933 2390 1014 2426 vitae
1029 2390 1089 2439 qui
1102 2384 1122 2426 ὲ
1133 2388 1221 2426 caelo
1235 2387 1439 2426 descendit:
1453 2398 1516 2438 pa-

0 2436 67 2466 Μ’*
90 2416 219 2486 ”fifh
237 2437 240 2439 ’
259 2453 322 2480 em
333 2439 468 2479 visibile
479 2438 709 2488 intercedere
725 2450 877 2492 oportet
894 2440 1176 2493 quo-spititualis
1188 2440 1248 2480 ille
1263 2437 1518 2480 fiouretunnffi

20 2453 344 2531 fyvnmsssssffl
372 2482 497 2533 ναοῦ
517 2481 783 2538 adol-stu·-
796 2505 804 2513 .
1110 2529 1112 2532 Α
1287 2473 1314 2494 ⁵
1398 2491 1507 2530 nobis
