<?xml version="1.0" encoding="UTF-8"?>
<!DOCTYPE html PUBLIC "-//W3C//DTD XHTML 1.0 Transitional//EN"
    "http://www.w3.org/TR/xhtml1/DTD/xhtml1-transitional.dtd">
<html xmlns="http://www.w3.org/1999/xhtml" xml:lang="en" lang="en">
 <head>
  <title>
</title>
<meta http-equiv="Content-Type" content="text/html;charset=utf-8" />
  <meta name='ocr-system' content='tesseract 3.04.00' />
  <meta name='ocr-capabilities' content='ocr_page ocr_carea ocr_par ocr_line ocrx_word'/>
</head>
<body>
  <div class='ocr_page' id='page_1' title='image "./institutiochrist00calv_0575.png"; bbox 0 0 1591 2775; ppageno 0'>
   <div class='ocr_carea' id='block_1_1' title="bbox 490 11 1347 63">
    <p class='ocr_par' dir='ltr' id='par_1_1' title="bbox 490 11 1347 63">
     <span class='ocr_line' id='line_1_1' title="bbox 490 11 1347 63; baseline 0.001 -5"><span class='ocrx_word' id='word_1_1' title='bbox 490 20 743 59; x_wconf 71' lang='lat' dir='ltr'>cAPv‘r</span> <span class='ocrx_word' id='word_1_2' title='bbox 794 20 910 58; x_wconf 72' lang='lat' dir='ltr'>xx.</span> <span class='ocrx_word' id='word_1_3' title='bbox 1280 11 1347 63; x_wconf 71' lang='lat'>537</span> 
     </span>
    </p>
   </div>
   <div class='ocr_carea' id='block_1_2' title="bbox 8 81 1510 2535">
    <p class='ocr_par' dir='ltr' id='par_1_2' title="bbox 8 81 1510 1972">
     <span class='ocr_line' id='line_1_2' title="bbox 54 81 1347 140; baseline -0.008 -10"><span class='ocrx_word' id='word_1_4' title='bbox 54 93 127 133; x_wconf 76' lang='lat' dir='ltr'>stra</span> <span class='ocrx_word' id='word_1_5' title='bbox 139 102 262 130; x_wconf 87' lang='lat' dir='ltr'>tamen</span> <span class='ocrx_word' id='word_1_6' title='bbox 276 86 475 140; x_wconf 83' lang='lat' dir='ltr'>plurimum</span> <span class='ocrx_word' id='word_1_7' title='bbox 486 88 638 125; x_wconf 87' lang='lat' dir='ltr'>interest</span> <span class='ocrx_word' id='word_1_8' title='bbox 652 83 791 125; x_wconf 70' lang='lat' dir='ltr'>assidue</span> <span class='ocrx_word' id='word_1_9' title='bbox 803 86 920 134; x_wconf 87' lang='lat' dir='ltr'>ipsum</span> <span class='ocrx_word' id='word_1_10' title='bbox 931 81 950 122; x_wconf 69' lang='grc' dir='ltr'>ὲ</span> <span class='ocrx_word' id='word_1_11' title='bbox 960 81 1067 122; x_wconf 88' lang='lat' dir='ltr'>nobis</span> <span class='ocrx_word' id='word_1_12' title='bbox 1079 81 1268 134; x_wconf 85' lang='lat' dir='ltr'>implorari</span> <span class='ocrx_word' id='word_1_13' title='bbox 1280 107 1291 124; x_wconf 90' lang='lat'>,</span> <span class='ocrx_word' id='word_1_14' title='bbox 1305 94 1347 120; x_wconf 78' lang='lat' dir='ltr'>vt</span> 
     </span>
     <span class='ocr_line' id='line_1_3' title="bbox 54 133 1348 192; baseline -0.01 -8"><span class='ocrx_word' id='word_1_15' title='bbox 54 144 150 188; x_wconf 70' lang='lat' dir='ltr'>serio</span> <span class='ocrx_word' id='word_1_16' title='bbox 163 139 381 192; x_wconf 74' lang='lat' dir='ltr'>ardentique</span> <span class='ocrx_word' id='word_1_17' title='bbox 394 145 471 177; x_wconf 85' lang='lat' dir='ltr'>eius</span> <span class='ocrx_word' id='word_1_18' title='bbox 495 141 637 189; x_wconf 85' lang='lat' dir='ltr'><strong>semper</strong></span> <span class='ocrx_word' id='word_1_19' title='bbox 649 137 854 188; x_wconf 81' lang='lat' dir='ltr'>quaerendi,</span> <span class='ocrx_word' id='word_1_20' title='bbox 865 135 1033 180; x_wconf 87' lang='lat' dir='ltr'>amandi,</span> <span class='ocrx_word' id='word_1_21' title='bbox 1047 133 1348 173; x_wconf 79' lang='lat' dir='ltr'>colendidefide-</span> 
     </span>
     <span class='ocr_line' id='line_1_4' title="bbox 56 184 1344 238; baseline -0.007 -5"><span class='ocrx_word' id='word_1_22' title='bbox 56 197 114 233; x_wconf 82' lang='lat' dir='ltr'>rio</span> <span class='ocrx_word' id='word_1_23' title='bbox 127 209 191 233; x_wconf 88' lang='lat' dir='ltr'>cor</span> <span class='ocrx_word' id='word_1_24' title='bbox 202 195 364 233; x_wconf 88' lang='lat' dir='ltr'>nostrum</span> <span class='ocrx_word' id='word_1_25' title='bbox 376 193 638 232; x_wconf 82' lang='lat' dir='ltr'>inflammetur,</span> <span class='ocrx_word' id='word_1_26' title='bbox 654 190 742 229; x_wconf 86' lang='lat' dir='ltr'>dum</span> <span class='ocrx_word' id='word_1_27' title='bbox 755 185 984 231; x_wconf 75' lang='lat' dir='ltr'>assuescimus</span> <span class='ocrx_word' id='word_1_28' title='bbox 995 188 1043 226; x_wconf 87' lang='lat' dir='ltr'>ad</span> <span class='ocrx_word' id='word_1_29' title='bbox 1053 186 1289 238; x_wconf 78' lang='lat' dir='ltr'>ipsum‚velut</span> <span class='ocrx_word' id='word_1_30' title='bbox 1298 184 1344 224; x_wconf 79' lang='lat' dir='ltr'>ad</span> 
     </span>
     <span class='ocr_line' id='line_1_5' title="bbox 54 238 1344 294; baseline -0.008 -8"><span class='ocrx_word' id='word_1_31' title='bbox 54 249 189 286; x_wconf 86' lang='lat' dir='ltr'>sacram</span> <span class='ocrx_word' id='word_1_32' title='bbox 200 246 397 285; x_wconf 85' lang='lat' dir='ltr'>anchoram</span> <span class='ocrx_word' id='word_1_33' title='bbox 408 247 445 281; x_wconf 89' lang='lat' dir='ltr'>in</span> <span class='ocrx_word' id='word_1_34' title='bbox 457 245 561 281; x_wconf 89' lang='lat' dir='ltr'>omni</span> <span class='ocrx_word' id='word_1_35' title='bbox 573 240 785 291; x_wconf 74' lang='lat' dir='ltr'>necessitate</span> <span class='ocrx_word' id='word_1_36' title='bbox 799 239 1016 294; x_wconf 83' lang='lat' dir='ltr'><strong>confugere.</strong></span> <span class='ocrx_word' id='word_1_37' title='bbox 1038 238 1190 278; x_wconf 84' lang='lat' dir='ltr'>Deinde</span> <span class='ocrx_word' id='word_1_38' title='bbox 1207 251 1244 277; x_wconf 87' lang='lat' dir='ltr'>vt</span> <span class='ocrx_word' id='word_1_39' title='bbox 1258 238 1344 277; x_wconf 85' lang='lat' dir='ltr'>nul-</span> 
     </span>
     <span class='ocr_line' id='line_1_6' title="bbox 53 291 1342 350; baseline -0.007 -13"><span class='ocrx_word' id='word_1_40' title='bbox 53 300 92 337; x_wconf 83' lang='lat' dir='ltr'>la</span> <span class='ocrx_word' id='word_1_41' title='bbox 102 299 294 350; x_wconf 80' lang='lat' dir='ltr'>cupiditas,</span> <span class='ocrx_word' id='word_1_42' title='bbox 309 295 524 345; x_wconf 74' lang='lat' dir='ltr'>nullumque</span> <span class='ocrx_word' id='word_1_43' title='bbox 534 298 690 333; x_wconf 88' lang='lat' dir='ltr'>omnino</span> <span class='ocrx_word' id='word_1_44' title='bbox 702 307 829 332; x_wconf 91' lang='lat' dir='ltr'>votum</span> <span class='ocrx_word' id='word_1_45' title='bbox 842 296 1010 332; x_wconf 81' lang='lat' dir='ltr'>animum</span> <span class='ocrx_word' id='word_1_46' title='bbox 1023 293 1190 330; x_wconf 87' lang='lat' dir='ltr'>nostrum</span> <span class='ocrx_word' id='word_1_47' title='bbox 1201 291 1342 335; x_wconf 82' lang='lat' dir='ltr'>subeat,</span> 
     </span>
     <span class='ocr_line' id='line_1_7' title="bbox 52 346 1342 403; baseline -0.008 -13"><span class='ocrx_word' id='word_1_48' title='bbox 52 355 154 397; x_wconf 67' lang='lat' dir='ltr'>cuius</span> <span class='ocrx_word' id='word_1_49' title='bbox 167 351 282 403; x_wconf 87' lang='lat' dir='ltr'>ipsum</span> <span class='ocrx_word' id='word_1_50' title='bbox 299 351 426 394; x_wconf 82' lang='lat' dir='ltr'>testem</span> <span class='ocrx_word' id='word_1_51' title='bbox 441 347 562 386; x_wconf 84' lang='lat' dir='ltr'>facere</span> <span class='ocrx_word' id='word_1_52' title='bbox 574 347 725 398; x_wconf 80' lang='lat' dir='ltr'>pudeat:</span> <span class='ocrx_word' id='word_1_53' title='bbox 744 347 830 385; x_wconf 88' lang='lat' dir='ltr'>dum</span> <span class='ocrx_word' id='word_1_54' title='bbox 847 359 934 383; x_wconf 91' lang='lat' dir='ltr'>vota</span> <span class='ocrx_word' id='word_1_55' title='bbox 945 346 1065 382; x_wconf 87' lang='lat' dir='ltr'>nostra</span> <span class='ocrx_word' id='word_1_56' title='bbox 1076 346 1203 381; x_wconf 85' lang='lat' dir='ltr'>omnia</span> <span class='ocrx_word' id='word_1_57' title='bbox 1215 356 1342 381; x_wconf 88' lang='lat' dir='ltr'>coram</span> 
     </span>
     <span class='ocr_line' id='line_1_8' title="bbox 53 397 1343 450; baseline -0.007 -8"><span class='ocrx_word' id='word_1_58' title='bbox 53 407 129 442; x_wconf 84' lang='lat' dir='ltr'>eius</span> <span class='ocrx_word' id='word_1_59' title='bbox 141 403 253 442; x_wconf 89' lang='lat' dir='ltr'>oculis</span> <span class='ocrx_word' id='word_1_60' title='bbox 264 399 568 450; x_wconf 74' lang='lat' dir='ltr'>fistere,ade6que</span> <span class='ocrx_word' id='word_1_61' title='bbox 580 413 699 439; x_wconf 82' lang='lat' dir='ltr'>totum</span> <span class='ocrx_word' id='word_1_62' title='bbox 713 412 776 437; x_wconf 92' lang='lat' dir='ltr'>cor</span> <span class='ocrx_word' id='word_1_63' title='bbox 788 397 976 440; x_wconf 83' lang='lat' dir='ltr'>effundere</span> <span class='ocrx_word' id='word_1_64' title='bbox 988 397 1172 436; x_wconf 84' lang='lat' dir='ltr'><strong>discimus.</strong></span> <span class='ocrx_word' id='word_1_65' title='bbox 1185 398 1287 433; x_wconf 89' lang='lat' dir='ltr'>Tum</span> <span class='ocrx_word' id='word_1_66' title='bbox 1303 408 1343 433; x_wconf 88' lang='lat' dir='ltr'>vt</span> 
     </span>
     <span class='ocr_line' id='line_1_9' title="bbox 52 450 1340 505; baseline -0.007 -11"><span class='ocrx_word' id='word_1_67' title='bbox 52 456 100 495; x_wconf 83' lang='lat' dir='ltr'>ad</span> <span class='ocrx_word' id='word_1_68' title='bbox 111 453 287 493; x_wconf 77' lang='lat' dir='ltr'>beneficia</span> <span class='ocrx_word' id='word_1_69' title='bbox 307 457 383 492; x_wconf 89' lang='lat' dir='ltr'>eius</span> <span class='ocrx_word' id='word_1_70' title='bbox 397 465 480 490; x_wconf 84' lang='lat' dir='ltr'>vera</span> <span class='ocrx_word' id='word_1_71' title='bbox 500 453 614 490; x_wconf 86' lang='lat' dir='ltr'>animi</span> <span class='ocrx_word' id='word_1_72' title='bbox 626 451 850 505; x_wconf 63' lang='lat' dir='ltr'>gratitudine</span> <span class='ocrx_word' id='word_1_73' title='bbox 872 462 985 502; x_wconf 89' lang='lat' dir='ltr'>atque</span> <span class='ocrx_word' id='word_1_74' title='bbox 1006 452 1118 488; x_wconf 82' lang='lat' dir='ltr'>etiam</span> <span class='ocrx_word' id='word_1_75' title='bbox 1137 450 1340 486; x_wconf 77' lang='lat' dir='ltr'>oratiarum</span> 
     </span>
     <span class='ocr_line' id='line_1_10' title="bbox 51 484 1343 557; baseline -0.005 -12"><span class='ocrx_word' id='word_1_76' title='bbox 51 509 197 546; x_wconf 68' lang='lat' dir='ltr'>afflone</span> <span class='ocrx_word' id='word_1_77' title='bbox 209 505 417 557; x_wconf 80' lang='lat' dir='ltr'>excipienda</span> <span class='ocrx_word' id='word_1_78' title='bbox 432 517 709 556; x_wconf 83' lang='lat' dir='ltr'>comparemur:</span> <span class='ocrx_word' id='word_1_79' title='bbox 723 517 803 554; x_wconf 81' lang='lat' dir='ltr'>quae</span> <span class='ocrx_word' id='word_1_80' title='bbox 819 503 866 540; x_wconf 91' lang='lat' dir='ltr'>ab</span> <span class='ocrx_word' id='word_1_81' title='bbox 879 506 955 541; x_wconf 86' lang='lat' dir='ltr'>eius</span> <span class='ocrx_word' id='word_1_82' title='bbox 968 515 1077 540; x_wconf 86' lang='lat' dir='ltr'>manu</span> <span class='ocrx_word' id='word_1_83' title='bbox 1088 484 1194 540; x_wconf 61' lang='lat' dir='ltr'>nobis</span> <span class='ocrx_word' id='word_1_84' title='bbox 1208 513 1343 552; x_wconf 90' lang='lat' dir='ltr'>proue-</span> 
     </span>
     <span class='ocr_line' id='line_1_11' title="bbox 50 553 1342 610; baseline -0.005 -13"><span class='ocrx_word' id='word_1_85' title='bbox 50 561 135 598; x_wconf 83' lang='lat' dir='ltr'>nire</span> <span class='ocrx_word' id='word_1_86' title='bbox 147 560 265 597; x_wconf 83' lang='lat' dir='ltr'>nostra</span> <span class='ocrx_word' id='word_1_87' title='bbox 278 560 489 610; x_wconf 83' lang='lat' dir='ltr'>precatione</span> <span class='ocrx_word' id='word_1_88' title='bbox 503 556 899 594; x_wconf 81' lang='lat' dir='ltr'>admonemur.Adhaec</span> <span class='ocrx_word' id='word_1_89' title='bbox 908 554 1009 604; x_wconf 80' lang='lat' dir='ltr'>quod</span> <span class='ocrx_word' id='word_1_90' title='bbox 1019 553 1239 605; x_wconf 84' lang='lat' dir='ltr'>petebamus</span> <span class='ocrx_word' id='word_1_91' title='bbox 1251 566 1342 591; x_wconf 90' lang='lat' dir='ltr'>con-</span> 
     </span>
     <span class='ocr_line' id='line_1_12' title="bbox 51 606 1344 663; baseline -0.007 -12"><span class='ocrx_word' id='word_1_92' title='bbox 51 611 310 663; x_wconf 80' lang='lat' dir='ltr'>sequuti,votis</span> <span class='ocrx_word' id='word_1_93' title='bbox 324 611 448 648; x_wconf 86' lang='lat' dir='ltr'>nostris</span> <span class='ocrx_word' id='word_1_94' title='bbox 466 609 578 661; x_wconf 85' lang='lat' dir='ltr'>ipsum</span> <span class='ocrx_word' id='word_1_95' title='bbox 595 606 818 661; x_wconf 76' lang='lat' dir='ltr'>respondisse</span> <span class='ocrx_word' id='word_1_96' title='bbox 832 608 999 659; x_wconf 81' lang='lat' dir='ltr'>persuasi,</span> <span class='ocrx_word' id='word_1_97' title='bbox 1013 607 1096 644; x_wconf 86' lang='lat' dir='ltr'>hinc</span> <span class='ocrx_word' id='word_1_98' title='bbox 1104 606 1150 644; x_wconf 86' lang='lat' dir='ltr'>ad</span> <span class='ocrx_word' id='word_1_99' title='bbox 1160 606 1344 643; x_wconf 77' lang='lat' dir='ltr'>meditan-</span> 
     </span>
     <span class='ocr_line' id='line_1_13' title="bbox 53 658 1342 717; baseline -0.005 -14"><span class='ocrx_word' id='word_1_100' title='bbox 53 663 136 702; x_wconf 86' lang='lat' dir='ltr'>dam</span> <span class='ocrx_word' id='word_1_101' title='bbox 153 666 229 703; x_wconf 90' lang='lat' dir='ltr'>eius</span> <span class='ocrx_word' id='word_1_102' title='bbox 249 663 523 717; x_wconf 75' lang='lat' dir='ltr'>benignitatem</span> <span class='ocrx_word' id='word_1_103' title='bbox 545 658 731 699; x_wconf 65' lang='lat' dir='ltr'>ardentius</span> <span class='ocrx_word' id='word_1_104' title='bbox 743 660 926 699; x_wconf 84' lang='lat' dir='ltr'>feramur:</span> <span class='ocrx_word' id='word_1_105' title='bbox 943 659 1094 699; x_wconf 71' lang='lat' dir='ltr'>&amp;fimul</span> <span class='ocrx_word' id='word_1_106' title='bbox 1116 661 1248 696; x_wconf 84' lang='lat' dir='ltr'>maiori</span> <span class='ocrx_word' id='word_1_107' title='bbox 1258 671 1342 696; x_wconf 88' lang='lat' dir='ltr'>cum</span> 
     </span>
     <span class='ocr_line' id='line_1_14' title="bbox 49 707 1344 767; baseline -0.006 -12"><span class='ocrx_word' id='word_1_108' title='bbox 49 716 240 766; x_wconf 86' lang='lat' dir='ltr'>voluptate</span> <span class='ocrx_word' id='word_1_109' title='bbox 252 727 310 753; x_wconf 87' lang='lat' dir='ltr'>am</span> <span class='ocrx_word' id='word_1_110' title='bbox 319 719 508 766; x_wconf 77' lang='lat' dir='ltr'>plexemur</span> <span class='ocrx_word' id='word_1_111' title='bbox 523 727 603 766; x_wconf 83' lang='lat' dir='ltr'>quae</span> <span class='ocrx_word' id='word_1_112' title='bbox 615 715 786 765; x_wconf 82' lang='lat' dir='ltr'>precibus</span> <span class='ocrx_word' id='word_1_113' title='bbox 804 712 1033 767; x_wconf 86' lang='lat' dir='ltr'>agnoscimus</span> <span class='ocrx_word' id='word_1_114' title='bbox 1046 707 1153 750; x_wconf 87' lang='lat' dir='ltr'>fuisse</span> <span class='ocrx_word' id='word_1_115' title='bbox 1163 712 1344 762; x_wconf 85' lang='lat' dir='ltr'>impetra-</span> 
     </span>
     <span class='ocr_line' id='line_1_15' title="bbox 49 763 1344 818; baseline -0.007 -10"><span class='ocrx_word' id='word_1_116' title='bbox 49 781 100 810; x_wconf 78' lang='lat' dir='ltr'>ta.</span> <span class='ocrx_word' id='word_1_117' title='bbox 123 765 313 807; x_wconf 71' lang='lat' dir='ltr'>Postremo</span> <span class='ocrx_word' id='word_1_118' title='bbox 325 782 362 806; x_wconf 84' lang='lat' dir='ltr'>vt</span> <span class='ocrx_word' id='word_1_119' title='bbox 387 771 464 804; x_wconf 86' lang='lat' dir='ltr'>eius</span> <span class='ocrx_word' id='word_1_120' title='bbox 478 767 751 818; x_wconf 88' lang='lat' dir='ltr'>prouidentiam</span> <span class='ocrx_word' id='word_1_121' title='bbox 773 768 902 804; x_wconf 88' lang='lat' dir='ltr'>animis</span> <span class='ocrx_word' id='word_1_122' title='bbox 916 767 1044 803; x_wconf 80' lang='lat' dir='ltr'>nostris</span> <span class='ocrx_word' id='word_1_123' title='bbox 1066 778 1133 815; x_wconf 85' lang='lat' dir='ltr'>pro</span> <span class='ocrx_word' id='word_1_124' title='bbox 1146 763 1344 802; x_wconf 52' lang='lat' dir='ltr'>imbecillia</span> 
     </span>
     <span class='ocr_line' id='line_1_16' title="bbox 49 815 1342 870; baseline -0.005 -10"><span class='ocrx_word' id='word_1_125' title='bbox 49 824 136 860; x_wconf 84' lang='lat' dir='ltr'>tatis</span> <span class='ocrx_word' id='word_1_126' title='bbox 149 823 275 858; x_wconf 80' lang='lat' dir='ltr'>nostra:</span> <span class='ocrx_word' id='word_1_127' title='bbox 289 821 404 858; x_wconf 88' lang='lat' dir='ltr'>modo</span> <span class='ocrx_word' id='word_1_128' title='bbox 417 820 493 857; x_wconf 90' lang='lat' dir='ltr'>vsus</span> <span class='ocrx_word' id='word_1_129' title='bbox 506 821 580 870; x_wconf 86' lang='lat' dir='ltr'>ipse</span> <span class='ocrx_word' id='word_1_130' title='bbox 595 824 628 856; x_wconf 89' lang='lat'>&amp;</span> <span class='ocrx_word' id='word_1_131' title='bbox 643 820 943 869; x_wconf 85' lang='lat' dir='ltr'>experimentum</span> <span class='ocrx_word' id='word_1_132' title='bbox 955 815 1164 859; x_wconf 82' lang='lat' dir='ltr'>confirmet,</span> <span class='ocrx_word' id='word_1_133' title='bbox 1183 815 1272 853; x_wconf 90' lang='lat' dir='ltr'>dum</span> <span class='ocrx_word' id='word_1_134' title='bbox 1283 817 1342 853; x_wconf 90' lang='lat' dir='ltr'>in-</span> 
     </span>
     <span class='ocr_line' id='line_1_17' title="bbox 50 866 1342 926; baseline -0.005 -15"><span class='ocrx_word' id='word_1_135' title='bbox 50 874 254 926; x_wconf 87' lang='lat' dir='ltr'>telligimus</span> <span class='ocrx_word' id='word_1_136' title='bbox 267 872 381 924; x_wconf 85' lang='lat' dir='ltr'>ipsum</span> <span class='ocrx_word' id='word_1_137' title='bbox 394 886 470 909; x_wconf 91' lang='lat' dir='ltr'>non</span> <span class='ocrx_word' id='word_1_138' title='bbox 491 870 605 909; x_wconf 67' lang='lat' dir='ltr'>modo</span> <span class='ocrx_word' id='word_1_139' title='bbox 618 872 809 923; x_wconf 78' lang='lat' dir='ltr'>polliceri,</span> <span class='ocrx_word' id='word_1_140' title='bbox 826 873 861 909; x_wconf 90' lang='lat' dir='ltr'>se</span> <span class='ocrx_word' id='word_1_141' title='bbox 874 883 1061 920; x_wconf 86' lang='lat' dir='ltr'>nunquam</span> <span class='ocrx_word' id='word_1_142' title='bbox 1072 869 1179 906; x_wconf 89' lang='lat' dir='ltr'>nobis</span> <span class='ocrx_word' id='word_1_143' title='bbox 1193 866 1342 906; x_wconf 82' lang='lat' dir='ltr'>defutu-</span> 
     </span>
     <span class='ocr_line' id='line_1_18' title="bbox 49 919 1340 975; baseline -0.006 -10"><span class='ocrx_word' id='word_1_144' title='bbox 49 939 130 967; x_wconf 73' lang='lat' dir='ltr'>tum</span> <span class='ocrx_word' id='word_1_145' title='bbox 144 952 154 969; x_wconf 89' lang='lat'>,</span> <span class='ocrx_word' id='word_1_146' title='bbox 171 931 204 963; x_wconf 90' lang='lat'>&amp;</span> <span class='ocrx_word' id='word_1_147' title='bbox 219 925 357 964; x_wconf 85' lang='lat' dir='ltr'>aditum</span> <span class='ocrx_word' id='word_1_148' title='bbox 382 924 479 963; x_wconf 69' lang='lat' dir='ltr'>vitro</span> <span class='ocrx_word' id='word_1_149' title='bbox 492 925 536 962; x_wconf 91' lang='lat' dir='ltr'>ad</span> <span class='ocrx_word' id='word_1_150' title='bbox 558 926 594 963; x_wconf 88' lang='lat' dir='ltr'>se</span> <span class='ocrx_word' id='word_1_151' title='bbox 605 923 864 975; x_wconf 86' lang='lat' dir='ltr'>appellandum</span> <span class='ocrx_word' id='word_1_152' title='bbox 880 924 916 960; x_wconf 89' lang='lat' dir='ltr'>in</span> <span class='ocrx_word' id='word_1_153' title='bbox 930 921 1008 972; x_wconf 86' lang='lat' dir='ltr'>ipso</span> <span class='ocrx_word' id='word_1_154' title='bbox 1021 919 1237 972; x_wconf 79' lang='lat' dir='ltr'>necessitatis</span> <span class='ocrx_word' id='word_1_155' title='bbox 1250 922 1340 958; x_wconf 85' lang='lat' dir='ltr'>arti-</span> 
     </span>
     <span class='ocr_line' id='line_1_19' title="bbox 50 971 1340 1029; baseline -0.004 -13"><span class='ocrx_word' id='word_1_156' title='bbox 50 979 135 1017; x_wconf 87' lang='lat' dir='ltr'>culo</span> <span class='ocrx_word' id='word_1_157' title='bbox 147 977 375 1029; x_wconf 85' lang='lat' dir='ltr'>patefacere:</span> <span class='ocrx_word' id='word_1_158' title='bbox 393 977 453 1015; x_wconf 84' lang='lat' dir='ltr'>sed</span> <span class='ocrx_word' id='word_1_159' title='bbox 463 990 612 1015; x_wconf 88' lang='lat' dir='ltr'>manum</span> <span class='ocrx_word' id='word_1_160' title='bbox 626 979 768 1028; x_wconf 82' lang='lat' dir='ltr'>semper</span> <span class='ocrx_word' id='word_1_161' title='bbox 785 975 921 1013; x_wconf 85' lang='lat' dir='ltr'>habere</span> <span class='ocrx_word' id='word_1_162' title='bbox 934 987 1120 1012; x_wconf 85' lang='lat' dir='ltr'>extentam</span> <span class='ocrx_word' id='word_1_163' title='bbox 1133 973 1180 1011; x_wconf 89' lang='lat' dir='ltr'>ad</span> <span class='ocrx_word' id='word_1_164' title='bbox 1190 971 1271 1011; x_wconf 83' lang='lat' dir='ltr'>suos</span> <span class='ocrx_word' id='word_1_165' title='bbox 1283 976 1340 1011; x_wconf 88' lang='lat' dir='ltr'>iu-</span> 
     </span>
     <span class='ocr_line' id='line_1_20' title="bbox 52 1025 1337 1079; baseline -0.005 -11"><span class='ocrx_word' id='word_1_166' title='bbox 52 1031 190 1068; x_wconf 90' lang='lat' dir='ltr'>uandos</span> <span class='ocrx_word' id='word_1_167' title='bbox 206 1045 214 1068; x_wconf 73' lang='grc' dir='ltr'><strong><em>ι</em></strong></span> <span class='ocrx_word' id='word_1_168' title='bbox 229 1044 296 1068; x_wconf 87' lang='lat' dir='ltr'>nec</span> <span class='ocrx_word' id='word_1_169' title='bbox 307 1031 442 1068; x_wconf 67' lang='lat' dir='ltr'>lactare</span> <span class='ocrx_word' id='word_1_170' title='bbox 455 1042 518 1067; x_wconf 86' lang='lat' dir='ltr'>eos</span> <span class='ocrx_word' id='word_1_171' title='bbox 533 1030 663 1071; x_wconf 80' lang='lat' dir='ltr'>verbis,</span> <span class='ocrx_word' id='word_1_172' title='bbox 676 1027 735 1066; x_wconf 90' lang='lat' dir='ltr'>sed</span> <span class='ocrx_word' id='word_1_173' title='bbox 745 1027 910 1079; x_wconf 85' lang='lat' dir='ltr'>praesenti</span> <span class='ocrx_word' id='word_1_174' title='bbox 920 1039 992 1075; x_wconf 90' lang='lat' dir='ltr'>ope</span> <span class='ocrx_word' id='word_1_175' title='bbox 1008 1027 1116 1064; x_wconf 84' lang='lat' dir='ltr'>tueri.</span> <span class='ocrx_word' id='word_1_176' title='bbox 1138 1027 1205 1063; x_wconf 87' lang='lat' dir='ltr'>Eas</span> <span class='ocrx_word' id='word_1_177' title='bbox 1217 1025 1267 1063; x_wconf 92' lang='lat' dir='ltr'>ob</span> <span class='ocrx_word' id='word_1_178' title='bbox 1279 1037 1337 1062; x_wconf 85' lang='lat' dir='ltr'>res</span> 
     </span>
     <span class='ocr_line' id='line_1_21' title="bbox 48 1078 1341 1132; baseline -0.004 -13"><span class='ocrx_word' id='word_1_179' title='bbox 48 1080 350 1127; x_wconf 75' lang='lat' dir='ltr'>clementissimus</span> <span class='ocrx_word' id='word_1_180' title='bbox 371 1083 477 1119; x_wconf 84' lang='lat' dir='ltr'>Pater</span> <span class='ocrx_word' id='word_1_181' title='bbox 494 1109 503 1125; x_wconf 92' lang='lat'><em>,</em></span> <span class='ocrx_word' id='word_1_182' title='bbox 520 1093 703 1132; x_wconf 88' lang='lat' dir='ltr'>vtcunque</span> <span class='ocrx_word' id='word_1_183' title='bbox 726 1092 908 1128; x_wconf 82' lang='lat' dir='ltr'>nunquam</span> <span class='ocrx_word' id='word_1_184' title='bbox 932 1079 990 1115; x_wconf 89' lang='lat' dir='ltr'>vel</span> <span class='ocrx_word' id='word_1_185' title='bbox 1007 1078 1167 1115; x_wconf 86' lang='lat' dir='ltr'>dormiat</span> <span class='ocrx_word' id='word_1_186' title='bbox 1191 1078 1248 1116; x_wconf 90' lang='lat' dir='ltr'>vel</span> <span class='ocrx_word' id='word_1_187' title='bbox 1261 1090 1341 1126; x_wconf 52' lang='lat' dir='ltr'>totq</span> 
     </span>
     <span class='ocr_line' id='line_1_22' title="bbox 49 1129 1338 1186; baseline -0.005 -14"><span class='ocrx_word' id='word_1_188' title='bbox 49 1147 134 1186; x_wconf 87' lang='lat' dir='ltr'>peat</span> <span class='ocrx_word' id='word_1_189' title='bbox 148 1161 157 1177; x_wconf 90' lang='lat'>,</span> <span class='ocrx_word' id='word_1_190' title='bbox 170 1134 387 1180; x_wconf 81' lang='lat' dir='ltr'>dormientis</span> <span class='ocrx_word' id='word_1_191' title='bbox 400 1146 522 1171; x_wconf 85' lang='lat' dir='ltr'>tamen</span> <span class='ocrx_word' id='word_1_192' title='bbox 539 1131 790 1184; x_wconf 82' lang='lat' dir='ltr'>torpentisque</span> <span class='ocrx_word' id='word_1_193' title='bbox 800 1131 957 1182; x_wconf 89' lang='lat' dir='ltr'>speciem</span> <span class='ocrx_word' id='word_1_194' title='bbox 970 1131 1171 1181; x_wconf 85' lang='lat' dir='ltr'>plerunque</span> <span class='ocrx_word' id='word_1_195' title='bbox 1183 1129 1338 1181; x_wconf 81' lang='lat' dir='ltr'>praebet,</span> 
     </span>
     <span class='ocr_line' id='line_1_23' title="bbox 48 1176 1339 1238; baseline -0.005 -13"><span class='ocrx_word' id='word_1_196' title='bbox 48 1185 123 1238; x_wconf 77' lang='lat' dir='ltr'>quo</span> <span class='ocrx_word' id='word_1_197' title='bbox 138 1190 188 1225; x_wconf 89' lang='lat' dir='ltr'>ita</span> <span class='ocrx_word' id='word_1_198' title='bbox 199 1187 245 1224; x_wconf 87' lang='lat' dir='ltr'>ad</span> <span class='ocrx_word' id='word_1_199' title='bbox 267 1189 303 1224; x_wconf 88' lang='lat' dir='ltr'>se</span> <span class='ocrx_word' id='word_1_200' title='bbox 315 1186 514 1236; x_wconf 85' lang='lat' dir='ltr'>petendum</span> <span class='ocrx_word' id='word_1_201' title='bbox 528 1213 538 1229; x_wconf 93' lang='lat'>‚</span> <span class='ocrx_word' id='word_1_202' title='bbox 553 1185 782 1236; x_wconf 81' lang='lat' dir='ltr'>rogandum,</span> <span class='ocrx_word' id='word_1_203' title='bbox 797 1182 1039 1237; x_wconf 85' lang='lat' dir='ltr'>flagitandum</span> <span class='ocrx_word' id='word_1_204' title='bbox 1062 1195 1200 1234; x_wconf 79' lang='lat' dir='ltr'>magno</span> <span class='ocrx_word' id='word_1_205' title='bbox 1213 1176 1339 1219; x_wconf 74' lang='lat' dir='ltr'>nostro</span> 
     </span>
     <span class='ocr_line' id='line_1_24' title="bbox 49 1237 1342 1288; baseline -0.004 -11"><span class='ocrx_word' id='word_1_206' title='bbox 49 1238 153 1277; x_wconf 91' lang='lat' dir='ltr'>bono</span> <span class='ocrx_word' id='word_1_207' title='bbox 163 1252 244 1282; x_wconf 88' lang='lat' dir='ltr'>nos,</span> <span class='ocrx_word' id='word_1_208' title='bbox 258 1239 397 1288; x_wconf 83' lang='lat' dir='ltr'>alioqui</span> <span class='ocrx_word' id='word_1_209' title='bbox 408 1238 546 1276; x_wconf 82' lang='lat' dir='ltr'>desides</span> <span class='ocrx_word' id='word_1_210' title='bbox 563 1242 596 1275; x_wconf 73' lang='grc' dir='ltr'>δε</span> <span class='ocrx_word' id='word_1_211' title='bbox 611 1240 778 1288; x_wconf 85' lang='lat' dir='ltr'>ignauos,</span> <span class='ocrx_word' id='word_1_212' title='bbox 793 1249 977 1274; x_wconf 81' lang='lat' dir='ltr'>exerceat.</span> <span class='ocrx_word' id='word_1_213' title='bbox 994 1237 1164 1274; x_wconf 87' lang='lat' dir='ltr'>Nimium</span> <span class='ocrx_word' id='word_1_214' title='bbox 1176 1247 1268 1285; x_wconf 81' lang='lat' dir='ltr'>ergo</span> <span class='ocrx_word' id='word_1_215' title='bbox 1280 1237 1342 1272; x_wconf 79' lang='lat' dir='ltr'>in-</span> 
     </span>
     <span class='ocr_line' id='line_1_25' title="bbox 47 1288 1340 1342; baseline -0.004 -13"><span class='ocrx_word' id='word_1_216' title='bbox 47 1288 139 1333; x_wconf 74' lang='lat' dir='ltr'>sulse</span> <span class='ocrx_word' id='word_1_217' title='bbox 150 1290 217 1334; x_wconf 83' lang='lat' dir='ltr'>illi,</span> <span class='ocrx_word' id='word_1_218' title='bbox 232 1292 349 1342; x_wconf 79' lang='lat' dir='ltr'>qui‚vt</span> <span class='ocrx_word' id='word_1_219' title='bbox 363 1290 553 1328; x_wconf 86' lang='lat' dir='ltr'>hominum</span> <span class='ocrx_word' id='word_1_220' title='bbox 569 1294 714 1328; x_wconf 85' lang='lat' dir='ltr'>animos</span> <span class='ocrx_word' id='word_1_221' title='bbox 725 1289 771 1326; x_wconf 85' lang='lat' dir='ltr'>ab</span> <span class='ocrx_word' id='word_1_222' title='bbox 784 1290 955 1327; x_wconf 85' lang='lat' dir='ltr'>oratione</span> <span class='ocrx_word' id='word_1_223' title='bbox 968 1301 1161 1332; x_wconf 88' lang='lat' dir='ltr'>reuocent,</span> <span class='ocrx_word' id='word_1_224' title='bbox 1173 1290 1340 1338; x_wconf 83' lang='lat' dir='ltr'>Deipro-</span> 
     </span>
     <span class='ocr_line' id='line_1_26' title="bbox 49 1339 1339 1386; baseline -0.004 -5"><span class='ocrx_word' id='word_1_225' title='bbox 49 1343 265 1386; x_wconf 80' lang='lat' dir='ltr'>uidentiam,</span> <span class='ocrx_word' id='word_1_226' title='bbox 280 1356 403 1380; x_wconf 84' lang='lat' dir='ltr'>retum</span> <span class='ocrx_word' id='word_1_227' title='bbox 418 1346 585 1381; x_wconf 87' lang='lat' dir='ltr'>omnium</span> <span class='ocrx_word' id='word_1_228' title='bbox 599 1341 771 1381; x_wconf 88' lang='lat' dir='ltr'>custodiae</span> <span class='ocrx_word' id='word_1_229' title='bbox 783 1341 1026 1379; x_wconf 85' lang='lat' dir='ltr'>excubantem</span> <span class='ocrx_word' id='word_1_230' title='bbox 1041 1367 1050 1382; x_wconf 82' lang='grc'><em>,</em></span> <span class='ocrx_word' id='word_1_231' title='bbox 1066 1339 1196 1379; x_wconf 84' lang='lat' dir='ltr'>frustra</span> <span class='ocrx_word' id='word_1_232' title='bbox 1207 1341 1339 1378; x_wconf 84' lang='lat' dir='ltr'>nostris</span> 
     </span>
     <span class='ocr_line' id='line_1_27' title="bbox 47 1392 1338 1449; baseline -0.002 -17"><span class='ocrx_word' id='word_1_233' title='bbox 47 1395 409 1445; x_wconf 84' lang='lat' dir='ltr'>interpellationibus</span> <span class='ocrx_word' id='word_1_234' title='bbox 432 1395 574 1448; x_wconf 73' lang='lat' dir='ltr'>fatigari</span> <span class='ocrx_word' id='word_1_235' title='bbox 593 1399 909 1449; x_wconf 81' lang='lat' dir='ltr'>garriunt:quum</span> <span class='ocrx_word' id='word_1_236' title='bbox 923 1408 997 1431; x_wconf 89' lang='lat' dir='ltr'>non</span> <span class='ocrx_word' id='word_1_237' title='bbox 1018 1392 1145 1431; x_wconf 82' lang='lat' dir='ltr'>frustra</span> <span class='ocrx_word' id='word_1_238' title='bbox 1155 1392 1338 1430; x_wconf 82' lang='lat' dir='ltr'>Dominus</span> 
     </span>
     <span class='ocr_line' id='line_1_28' title="bbox 48 1444 1510 1501; baseline -0.003 -16"><span class='ocrx_word' id='word_1_239' title='bbox 48 1446 174 1495; x_wconf 61' lang='lat' dir='ltr'>contra</span> <span class='ocrx_word' id='word_1_240' title='bbox 184 1449 333 1486; x_wconf 90' lang='lat' dir='ltr'>testetur</span> <span class='ocrx_word' id='word_1_241' title='bbox 342 1449 379 1485; x_wconf 87' lang='lat' dir='ltr'>se</span> <span class='ocrx_word' id='word_1_242' title='bbox 391 1450 635 1499; x_wconf 85' lang='lat' dir='ltr'>propinquum</span> <span class='ocrx_word' id='word_1_243' title='bbox 650 1444 723 1485; x_wconf 86' lang='lat' dir='ltr'>effe</span> <span class='ocrx_word' id='word_1_244' title='bbox 742 1447 914 1484; x_wconf 90' lang='lat' dir='ltr'>omnibus</span> <span class='ocrx_word' id='word_1_245' title='bbox 928 1445 1183 1484; x_wconf 85' lang='lat' dir='ltr'>inuocantibus</span> <span class='ocrx_word' id='word_1_246' title='bbox 1196 1458 1336 1483; x_wconf 86' lang='lat' dir='ltr'>nornen</span> <span class='ocrx_word' id='word_1_247' title='bbox 1356 1448 1510 1501; x_wconf 58' lang='lat' dir='ltr'>Psal,1452</span> 
     </span>
     <span class='ocr_line' id='line_1_29' title="bbox 48 1498 1427 1552; baseline -0.003 -14"><span class='ocrx_word' id='word_1_248' title='bbox 48 1501 204 1538; x_wconf 83' lang='lat' dir='ltr'>suumin</span> <span class='ocrx_word' id='word_1_249' title='bbox 217 1501 382 1538; x_wconf 85' lang='lat' dir='ltr'>veritate.</span> <span class='ocrx_word' id='word_1_250' title='bbox 398 1499 530 1537; x_wconf 86' lang='lat' dir='ltr'>Nihilo</span> <span class='ocrx_word' id='word_1_251' title='bbox 540 1502 649 1538; x_wconf 88' lang='lat' dir='ltr'>secius</span> <span class='ocrx_word' id='word_1_252' title='bbox 662 1501 712 1537; x_wconf 90' lang='lat' dir='ltr'>est</span> <span class='ocrx_word' id='word_1_253' title='bbox 722 1499 824 1550; x_wconf 82' lang='lat' dir='ltr'>quod</span> <span class='ocrx_word' id='word_1_254' title='bbox 833 1499 893 1538; x_wconf 84' lang='lat' dir='ltr'>alii</span> <span class='ocrx_word' id='word_1_255' title='bbox 907 1511 1099 1552; x_wconf 87' lang='lat' dir='ltr'>nugantur,</span> <span class='ocrx_word' id='word_1_256' title='bbox 1117 1498 1336 1547; x_wconf 87' lang='lat' dir='ltr'>superfluam</span> <span class='ocrx_word' id='word_1_257' title='bbox 1353 1500 1427 1547; x_wconf 47' lang='lat' dir='ltr'>dg,</span> 
     </span>
     <span class='ocr_line' id='line_1_30' title="bbox 51 1547 1334 1604; baseline -0.002 -14"><span class='ocrx_word' id='word_1_258' title='bbox 51 1550 126 1590; x_wconf 82' lang='lat' dir='ltr'>effe</span> <span class='ocrx_word' id='word_1_259' title='bbox 151 1565 280 1589; x_wconf 89' lang='lat' dir='ltr'>eorum</span> <span class='ocrx_word' id='word_1_260' title='bbox 304 1553 522 1601; x_wconf 83' lang='lat' dir='ltr'>petitionem</span> <span class='ocrx_word' id='word_1_261' title='bbox 545 1566 624 1602; x_wconf 82' lang='lat' dir='ltr'>quae</span> <span class='ocrx_word' id='word_1_262' title='bbox 649 1552 743 1590; x_wconf 88' lang='lat' dir='ltr'>vltro</span> <span class='ocrx_word' id='word_1_263' title='bbox 766 1547 1056 1604; x_wconf 52' lang='lat' dir='ltr'>largiriffaratus</span> <span class='ocrx_word' id='word_1_264' title='bbox 1070 1551 1112 1588; x_wconf 81' lang='lat' dir='ltr'>fit</span> <span class='ocrx_word' id='word_1_265' title='bbox 1136 1553 1334 1589; x_wconf 83' lang='lat' dir='ltr'>Dominus:</span> 
     </span>
     <span class='ocr_line' id='line_1_31' title="bbox 48 1601 1336 1654; baseline -0.003 -11"><span class='ocrx_word' id='word_1_266' title='bbox 48 1618 164 1654; x_wconf 87' lang='lat' dir='ltr'>quum</span> <span class='ocrx_word' id='word_1_267' title='bbox 187 1617 230 1641; x_wconf 85' lang='lat' dir='ltr'>ea</span> <span class='ocrx_word' id='word_1_268' title='bbox 255 1602 331 1654; x_wconf 74' lang='lat' dir='ltr'>ipsa</span> <span class='ocrx_word' id='word_1_269' title='bbox 350 1616 430 1654; x_wconf 84' lang='lat' dir='ltr'>quae</span> <span class='ocrx_word' id='word_1_270' title='bbox 449 1602 468 1641; x_wconf 74' lang='grc' dir='ltr'>ὲ</span> <span class='ocrx_word' id='word_1_271' title='bbox 489 1605 689 1654; x_wconf 83' lang='lat' dir='ltr'>spontanea</span> <span class='ocrx_word' id='word_1_272' title='bbox 718 1605 792 1642; x_wconf 88' lang='lat' dir='ltr'>eius</span> <span class='ocrx_word' id='word_1_273' title='bbox 817 1601 1038 1648; x_wconf 57' lang='lat' dir='ltr'>lis-‚Aralitate</span> <span class='ocrx_word' id='word_1_274' title='bbox 1060 1603 1168 1650; x_wconf 67' lang='lat' dir='ltr'>nobis</span> <span class='ocrx_word' id='word_1_275' title='bbox 1202 1603 1336 1646; x_wconf 87' lang='lat' dir='ltr'>fluunt,</span> 
     </span>
     <span class='ocr_line' id='line_1_32' title="bbox 51 1653 1337 1708; baseline 0 -15"><span class='ocrx_word' id='word_1_276' title='bbox 51 1657 220 1706; x_wconf 86' lang='lat' dir='ltr'>precibus</span> <span class='ocrx_word' id='word_1_277' title='bbox 241 1658 369 1693; x_wconf 87' lang='lat' dir='ltr'>nostris</span> <span class='ocrx_word' id='word_1_278' title='bbox 382 1653 544 1694; x_wconf 79' lang='lat' dir='ltr'>concessa</span> <span class='ocrx_word' id='word_1_279' title='bbox 565 1656 650 1694; x_wconf 86' lang='lat' dir='ltr'>velit</span> <span class='ocrx_word' id='word_1_280' title='bbox 662 1655 823 1708; x_wconf 83' lang='lat' dir='ltr'>agnosci.</span> <span class='ocrx_word' id='word_1_281' title='bbox 844 1655 968 1708; x_wconf 81' lang='lat' dir='ltr'>Qod</span> <span class='ocrx_word' id='word_1_282' title='bbox 979 1657 1131 1694; x_wconf 84' lang='lat' dir='ltr'>testatur</span> <span class='ocrx_word' id='word_1_283' title='bbox 1148 1668 1337 1693; x_wconf 85' lang='lat' dir='ltr'>memora·</span> 
     </span>
     <span class='ocr_line' id='line_1_33' title="bbox 48 1706 1507 1770; baseline -0.001 -25"><span class='ocrx_word' id='word_1_284' title='bbox 48 1709 131 1746; x_wconf 87' lang='lat' dir='ltr'>bilis</span> <span class='ocrx_word' id='word_1_285' title='bbox 144 1709 205 1745; x_wconf 87' lang='lat' dir='ltr'>illa</span> <span class='ocrx_word' id='word_1_286' title='bbox 231 1707 409 1745; x_wconf 83' lang='lat' dir='ltr'>sententia</span> <span class='ocrx_word' id='word_1_287' title='bbox 433 1709 585 1752; x_wconf 82' lang='lat' dir='ltr'>Psalmi,</span> <span class='ocrx_word' id='word_1_288' title='bbox 600 1711 653 1746; x_wconf 89' lang='lat' dir='ltr'>cui</span> <span class='ocrx_word' id='word_1_289' title='bbox 667 1710 790 1747; x_wconf 78' lang='lat' dir='ltr'>multae</span> <span class='ocrx_word' id='word_1_290' title='bbox 813 1710 948 1746; x_wconf 75' lang='lat' dir='ltr'>similes</span> <span class='ocrx_word' id='word_1_291' title='bbox 964 1708 1208 1759; x_wconf 84' lang='lat' dir='ltr'>respondent,</span> <span class='ocrx_word' id='word_1_292' title='bbox 1223 1706 1335 1745; x_wconf 83' lang='lat' dir='ltr'>Oculi</span> <span class='ocrx_word' id='word_1_293' title='bbox 1353 1722 1439 1770; x_wconf 46' lang='lat' dir='ltr'>pfd·</span> <span class='ocrx_word' id='word_1_294' title='bbox 1452 1720 1507 1770; x_wconf 69' lang='lat'>34·</span> 
     </span>
     <span class='ocr_line' id='line_1_34' title="bbox 47 1750 1506 1812; baseline -0.001 -14"><span class='ocrx_word' id='word_1_295' title='bbox 47 1763 204 1798; x_wconf 85' lang='lat' dir='ltr'>Domini</span> <span class='ocrx_word' id='word_1_296' title='bbox 218 1760 458 1809; x_wconf 76' lang='lat' dir='ltr'>superiustos‚</span> <span class='ocrx_word' id='word_1_297' title='bbox 475 1767 509 1799; x_wconf 67' lang='grc' dir='ltr'>ὃ(</span> <span class='ocrx_word' id='word_1_298' title='bbox 525 1775 628 1799; x_wconf 87' lang='lat' dir='ltr'>aures</span> <span class='ocrx_word' id='word_1_299' title='bbox 641 1765 717 1799; x_wconf 91' lang='lat' dir='ltr'>eius</span> <span class='ocrx_word' id='word_1_300' title='bbox 728 1763 763 1798; x_wconf 92' lang='lat' dir='ltr'>in</span> <span class='ocrx_word' id='word_1_301' title='bbox 777 1775 901 1812; x_wconf 86' lang='lat' dir='ltr'>preces</span> <span class='ocrx_word' id='word_1_302' title='bbox 916 1774 1059 1798; x_wconf 87' lang='lat' dir='ltr'>eorum.</span> <span class='ocrx_word' id='word_1_303' title='bbox 1071 1774 1150 1812; x_wconf 86' lang='lat' dir='ltr'>quae</span> <span class='ocrx_word' id='word_1_304' title='bbox 1162 1762 1235 1799; x_wconf 89' lang='lat' dir='ltr'>Dei</span> <span class='ocrx_word' id='word_1_305' title='bbox 1247 1774 1334 1812; x_wconf 89' lang='lat' dir='ltr'>pro·</span> <span class='ocrx_word' id='word_1_306' title='bbox 1351 1783 1418 1812; x_wconf 38' lang='lat'>&amp;16</span> <span class='ocrx_word' id='word_1_307' title='bbox 1495 1750 1506 1761; x_wconf 63' lang='lat'><strong><em>⁶</em></strong></span> 
     </span>
     <span class='ocr_line' id='line_1_35' title="bbox 47 1812 1336 1863; baseline 0 -13"><span class='ocrx_word' id='word_1_308' title='bbox 47 1812 249 1851; x_wconf 86' lang='lat' dir='ltr'>uidentiam</span> <span class='ocrx_word' id='word_1_309' title='bbox 262 1813 324 1848; x_wconf 87' lang='lat' dir='ltr'>sua</span> <span class='ocrx_word' id='word_1_310' title='bbox 345 1812 472 1863; x_wconf 90' lang='lat' dir='ltr'>sponte</span> <span class='ocrx_word' id='word_1_311' title='bbox 486 1813 656 1851; x_wconf 82' lang='lat' dir='ltr'>curandae</span> <span class='ocrx_word' id='word_1_312' title='bbox 676 1815 821 1863; x_wconf 90' lang='lat' dir='ltr'>piorum</span> <span class='ocrx_word' id='word_1_313' title='bbox 834 1814 942 1852; x_wconf 84' lang='lat' dir='ltr'>saluti</span> <span class='ocrx_word' id='word_1_314' title='bbox 964 1815 1146 1851; x_wconf 87' lang='lat' dir='ltr'>intentam</span> <span class='ocrx_word' id='word_1_315' title='bbox 1158 1814 1204 1851; x_wconf 80' lang='lat' dir='ltr'>sic</span> <span class='ocrx_word' id='word_1_316' title='bbox 1225 1827 1336 1851; x_wconf 87' lang='lat' dir='ltr'>com-</span> 
     </span>
     <span class='ocr_line' id='line_1_36' title="bbox 47 1864 1335 1919; baseline 0 -16"><span class='ocrx_word' id='word_1_317' title='bbox 47 1865 198 1903; x_wconf 76' lang='lat' dir='ltr'>mendat</span> <span class='ocrx_word' id='word_1_318' title='bbox 209 1892 218 1907; x_wconf 94' lang='lat'>‚</span> <span class='ocrx_word' id='word_1_319' title='bbox 232 1876 269 1902; x_wconf 92' lang='lat' dir='ltr'>vt</span> <span class='ocrx_word' id='word_1_320' title='bbox 283 1877 406 1902; x_wconf 86' lang='lat' dir='ltr'>tamen</span> <span class='ocrx_word' id='word_1_321' title='bbox 421 1879 494 1903; x_wconf 87' lang='lat' dir='ltr'>non</span> <span class='ocrx_word' id='word_1_322' title='bbox 512 1877 704 1916; x_wconf 85' lang='lat' dir='ltr'>praetereat</span> <span class='ocrx_word' id='word_1_323' title='bbox 714 1864 802 1903; x_wconf 89' lang='lat' dir='ltr'>fidei</span> <span class='ocrx_word' id='word_1_324' title='bbox 816 1868 1030 1904; x_wconf 89' lang='lat' dir='ltr'>exercitium</span> <span class='ocrx_word' id='word_1_325' title='bbox 1043 1893 1053 1907; x_wconf 90' lang='lat'>‚</span> <span class='ocrx_word' id='word_1_326' title='bbox 1067 1879 1142 1917; x_wconf 92' lang='lat' dir='ltr'>quo</span> <span class='ocrx_word' id='word_1_327' title='bbox 1154 1867 1335 1919; x_wconf 86' lang='lat' dir='ltr'>abstergi-</span> 
     </span>
     <span class='ocr_line' id='line_1_37' title="bbox 8 1916 1333 1972; baseline 0.002 -17"><span class='ocrx_word' id='word_1_328' title='bbox 8 1967 10 1970; x_wconf 11' lang='lat' dir='ltr'>y</span> <span class='ocrx_word' id='word_1_329' title='bbox 48 1930 107 1956; x_wconf 89' lang='lat' dir='ltr'>tut</span> <span class='ocrx_word' id='word_1_330' title='bbox 119 1916 285 1955; x_wconf 85' lang='lat' dir='ltr'>socordia</span> <span class='ocrx_word' id='word_1_331' title='bbox 299 1929 342 1954; x_wconf 86' lang='lat' dir='ltr'>ex</span> <span class='ocrx_word' id='word_1_332' title='bbox 356 1917 549 1955; x_wconf 87' lang='lat' dir='ltr'>hominurn</span> <span class='ocrx_word' id='word_1_333' title='bbox 563 1920 706 1956; x_wconf 84' lang='lat' dir='ltr'>animis.</span> <span class='ocrx_word' id='word_1_334' title='bbox 731 1918 898 1972; x_wconf 83' lang='lat' dir='ltr'>vigilant</span> <span class='ocrx_word' id='word_1_335' title='bbox 909 1932 998 1970; x_wconf 83' lang='lat' dir='ltr'>ergo</span> <span class='ocrx_word' id='word_1_336' title='bbox 1018 1922 1091 1956; x_wconf 89' lang='lat' dir='ltr'>Dei</span> <span class='ocrx_word' id='word_1_337' title='bbox 1103 1919 1201 1957; x_wconf 91' lang='lat' dir='ltr'>oculi</span> <span class='ocrx_word' id='word_1_338' title='bbox 1212 1931 1249 1957; x_wconf 91' lang='lat' dir='ltr'>vt</span> <span class='ocrx_word' id='word_1_339' title='bbox 1263 1931 1333 1957; x_wconf 87' lang='lat' dir='ltr'>cae-</span> 
     </span>
    </p>

    <p class='ocr_par' dir='ltr' id='par_1_3' title="bbox 45 1967 1506 2217">
     <span class='ocr_line' id='line_1_38' title="bbox 46 1967 1329 2023; baseline 0.004 -17"><span class='ocrx_word' id='word_1_340' title='bbox 46 1983 175 2008; x_wconf 89' lang='lat' dir='ltr'>corum</span> <span class='ocrx_word' id='word_1_341' title='bbox 188 1967 389 2007; x_wconf 77' lang='lat' dir='ltr'>necessitati</span> <span class='ocrx_word' id='word_1_342' title='bbox 403 1969 593 2008; x_wconf 85' lang='lat' dir='ltr'>subueniat</span> <span class='ocrx_word' id='word_1_343' title='bbox 606 1985 614 2008; x_wconf 89' lang='lat'>:</span> <span class='ocrx_word' id='word_1_344' title='bbox 627 1971 687 2009; x_wconf 90' lang='lat' dir='ltr'>sed</span> <span class='ocrx_word' id='word_1_345' title='bbox 702 1970 777 2009; x_wconf 91' lang='lat' dir='ltr'>vult</span> <span class='ocrx_word' id='word_1_346' title='bbox 791 1973 868 2023; x_wconf 87' lang='lat' dir='ltr'>ipse</span> <span class='ocrx_word' id='word_1_347' title='bbox 890 1969 1038 2009; x_wconf 83' lang='lat' dir='ltr'>viciffim</span> <span class='ocrx_word' id='word_1_348' title='bbox 1049 1971 1172 2010; x_wconf 87' lang='lat' dir='ltr'>audire</span> <span class='ocrx_word' id='word_1_349' title='bbox 1184 1973 1329 2011; x_wconf 88' lang='lat' dir='ltr'>nostros</span> 
     </span>
     <span class='ocr_line' id='line_1_39' title="bbox 45 2020 1330 2076; baseline 0.003 -18"><span class='ocrx_word' id='word_1_350' title='bbox 45 2028 218 2076; x_wconf 69' lang='lat' dir='ltr'>gernum,</span> <span class='ocrx_word' id='word_1_351' title='bbox 230 2020 306 2072; x_wconf 75' lang='lat' dir='ltr'>quo</span> <span class='ocrx_word' id='word_1_352' title='bbox 321 2023 425 2059; x_wconf 87' lang='lat' dir='ltr'>suum</span> <span class='ocrx_word' id='word_1_353' title='bbox 437 2035 522 2075; x_wconf 84' lang='lat' dir='ltr'>erga</span> <span class='ocrx_word' id='word_1_354' title='bbox 532 2037 600 2060; x_wconf 90' lang='lat' dir='ltr'>nos</span> <span class='ocrx_word' id='word_1_355' title='bbox 611 2035 777 2061; x_wconf 86' lang='lat' dir='ltr'>amorem</span> <span class='ocrx_word' id='word_1_356' title='bbox 792 2024 923 2062; x_wconf 74' lang='lat' dir='ltr'>melius</span> <span class='ocrx_word' id='word_1_357' title='bbox 935 2023 1078 2075; x_wconf 90' lang='lat' dir='ltr'>probet.</span> <span class='ocrx_word' id='word_1_358' title='bbox 1095 2028 1217 2076; x_wconf 75' lang='lat' dir='ltr'>Atque</span> <span class='ocrx_word' id='word_1_359' title='bbox 1229 2026 1278 2062; x_wconf 89' lang='lat' dir='ltr'>ita</span> <span class='ocrx_word' id='word_1_360' title='bbox 1291 2039 1330 2062; x_wconf 91' lang='lat' dir='ltr'>v-</span> 
     </span>
     <span class='ocr_line' id='line_1_40' title="bbox 47 2071 1506 2130; baseline 0.002 -19"><span class='ocrx_word' id='word_1_361' title='bbox 47 2086 207 2125; x_wconf 88' lang='lat' dir='ltr'>trunque</span> <span class='ocrx_word' id='word_1_362' title='bbox 232 2087 359 2112; x_wconf 87' lang='lat' dir='ltr'>verum</span> <span class='ocrx_word' id='word_1_363' title='bbox 374 2077 424 2114; x_wconf 83' lang='lat' dir='ltr'>est</span> <span class='ocrx_word' id='word_1_364' title='bbox 440 2089 532 2116; x_wconf 84' lang='lat' dir='ltr'>‚non</span> <span class='ocrx_word' id='word_1_365' title='bbox 546 2075 706 2113; x_wconf 86' lang='lat' dir='ltr'>dormire</span> <span class='ocrx_word' id='word_1_366' title='bbox 728 2089 847 2126; x_wconf 90' lang='lat' dir='ltr'>neque</span> <span class='ocrx_word' id='word_1_367' title='bbox 859 2077 1060 2115; x_wconf 86' lang='lat' dir='ltr'>dormitare</span> <span class='ocrx_word' id='word_1_368' title='bbox 1081 2077 1268 2115; x_wconf 85' lang='lat' dir='ltr'>custodem</span> <span class='ocrx_word' id='word_1_369' title='bbox 1282 2076 1325 2115; x_wconf 78' lang='lat' dir='ltr'>Is-</span> <span class='ocrx_word' id='word_1_370' title='bbox 1345 2071 1506 2130; x_wconf 50' lang='lat' dir='ltr'>Pfisztrd</span> 
     </span>
     <span class='ocr_line' id='line_1_41' title="bbox 45 2124 1331 2181; baseline 0.005 -18"><span class='ocrx_word' id='word_1_371' title='bbox 45 2127 167 2169; x_wconf 83' lang='lat' dir='ltr'>raelis,</span> <span class='ocrx_word' id='word_1_372' title='bbox 183 2131 217 2164; x_wconf 72' lang='grc' dir='ltr'>δε</span> <span class='ocrx_word' id='word_1_373' title='bbox 232 2138 357 2164; x_wconf 88' lang='lat' dir='ltr'>tamen</span> <span class='ocrx_word' id='word_1_374' title='bbox 368 2124 501 2165; x_wconf 81' lang='lat' dir='ltr'>cessare</span> <span class='ocrx_word' id='word_1_375' title='bbox 511 2128 608 2179; x_wconf 85' lang='lat' dir='ltr'>quafi</span> <span class='ocrx_word' id='word_1_376' title='bbox 621 2129 730 2166; x_wconf 88' lang='lat' dir='ltr'>nostri</span> <span class='ocrx_word' id='word_1_377' title='bbox 742 2128 917 2174; x_wconf 85' lang='lat' dir='ltr'>oblitum,</span> <span class='ocrx_word' id='word_1_378' title='bbox 935 2130 995 2168; x_wconf 89' lang='lat' dir='ltr'>vbi</span> <span class='ocrx_word' id='word_1_379' title='bbox 1007 2143 1073 2167; x_wconf 91' lang='lat' dir='ltr'>nos</span> <span class='ocrx_word' id='word_1_380' title='bbox 1087 2142 1276 2181; x_wconf 84' lang='lat' dir='ltr'>torpentes</span> <span class='ocrx_word' id='word_1_381' title='bbox 1288 2143 1331 2169; x_wconf 83' lang='lat' dir='ltr'>ac</span> 
     </span>
     <span class='ocr_line' id='line_1_42' title="bbox 46 2179 290 2217; baseline 0.004 -1"><span class='ocrx_word' id='word_1_382' title='bbox 46 2192 173 2217; x_wconf 88' lang='lat' dir='ltr'>mutos</span> <span class='ocrx_word' id='word_1_383' title='bbox 183 2179 290 2217; x_wconf 87' lang='lat' dir='ltr'>videt.</span> 
     </span>
    </p>

    <p class='ocr_par' dir='ltr' id='par_1_4' title="bbox 46 2227 1377 2535">
     <span class='ocr_line' id='line_1_43' title="bbox 97 2227 1330 2287; baseline 0.006 -19"><span class='ocrx_word' id='word_1_384' title='bbox 97 2245 122 2278; x_wconf 85' lang='lat'>4</span> <span class='ocrx_word' id='word_1_385' title='bbox 174 2231 289 2269; x_wconf 76' lang='lat' dir='ltr'>Porro</span> <span class='ocrx_word' id='word_1_386' title='bbox 302 2227 371 2270; x_wconf 72' lang='lat' dir='ltr'>rite</span> <span class='ocrx_word' id='word_1_387' title='bbox 394 2231 582 2284; x_wconf 75' lang='lat' dir='ltr'>probeque</span> <span class='ocrx_word' id='word_1_388' title='bbox 602 2233 831 2272; x_wconf 74' lang='lat' dir='ltr'>instituenda:</span> <span class='ocrx_word' id='word_1_389' title='bbox 843 2235 1018 2273; x_wconf 86' lang='lat' dir='ltr'>orationis</span> <span class='ocrx_word' id='word_1_390' title='bbox 1039 2237 1114 2273; x_wconf 89' lang='lat' dir='ltr'>esto</span> <span class='ocrx_word' id='word_1_391' title='bbox 1127 2234 1202 2274; x_wconf 88' lang='lat' dir='ltr'>haec</span> <span class='ocrx_word' id='word_1_392' title='bbox 1212 2237 1330 2287; x_wconf 77' lang='lat' dir='ltr'>prima</span> 
     </span>
     <span class='ocr_line' id='line_1_44' title="bbox 46 2282 1331 2341; baseline 0.006 -21"><span class='ocrx_word' id='word_1_393' title='bbox 46 2282 106 2320; x_wconf 85' lang='lat' dir='ltr'>lex</span> <span class='ocrx_word' id='word_1_394' title='bbox 119 2310 128 2325; x_wconf 87' lang='lat'>,</span> <span class='ocrx_word' id='word_1_395' title='bbox 142 2295 180 2320; x_wconf 89' lang='lat' dir='ltr'>vt</span> <span class='ocrx_word' id='word_1_396' title='bbox 190 2298 265 2321; x_wconf 91' lang='lat' dir='ltr'>non</span> <span class='ocrx_word' id='word_1_397' title='bbox 277 2285 382 2323; x_wconf 85' lang='lat' dir='ltr'>aliter</span> <span class='ocrx_word' id='word_1_398' title='bbox 403 2284 512 2333; x_wconf 63' lang='lat' dir='ltr'>quam</span> <span class='ocrx_word' id='word_1_399' title='bbox 527 2299 590 2324; x_wconf 92' lang='lat' dir='ltr'>eos</span> <span class='ocrx_word' id='word_1_400' title='bbox 613 2286 719 2324; x_wconf 91' lang='lat' dir='ltr'>decet</span> <span class='ocrx_word' id='word_1_401' title='bbox 731 2292 790 2337; x_wconf 87' lang='lat' dir='ltr'>qui</span> <span class='ocrx_word' id='word_1_402' title='bbox 807 2285 851 2324; x_wconf 90' lang='lat' dir='ltr'>ad</span> <span class='ocrx_word' id='word_1_403' title='bbox 872 2290 943 2325; x_wconf 89' lang='lat' dir='ltr'>Dei</span> <span class='ocrx_word' id='word_1_404' title='bbox 956 2288 1182 2337; x_wconf 84' lang='lat' dir='ltr'>colloquium</span> <span class='ocrx_word' id='word_1_405' title='bbox 1201 2292 1331 2341; x_wconf 82' lang='lat' dir='ltr'>ingre-</span> 
     </span>
     <span class='ocr_line' id='line_1_45' title="bbox 49 2335 1329 2392; baseline 0.006 -21"><span class='ocrx_word' id='word_1_406' title='bbox 49 2335 214 2380; x_wconf 86' lang='lat' dir='ltr'>diuntur,</span> <span class='ocrx_word' id='word_1_407' title='bbox 227 2349 351 2376; x_wconf 85' lang='lat' dir='ltr'>mente</span> <span class='ocrx_word' id='word_1_408' title='bbox 363 2338 561 2388; x_wconf 67' lang='lat' dir='ltr'>animoque</span> <span class='ocrx_word' id='word_1_409' title='bbox 575 2339 769 2390; x_wconf 84' lang='lat' dir='ltr'>compositi</span> <span class='ocrx_word' id='word_1_410' title='bbox 782 2339 902 2378; x_wconf 81' lang='lat' dir='ltr'>fimus.</span> <span class='ocrx_word' id='word_1_411' title='bbox 927 2341 1050 2392; x_wconf 86' lang='lat' dir='ltr'>Qod</span> <span class='ocrx_word' id='word_1_412' title='bbox 1063 2340 1196 2379; x_wconf 84' lang='lat' dir='ltr'>scilicet</span> <span class='ocrx_word' id='word_1_413' title='bbox 1211 2354 1329 2392; x_wconf 85' lang='lat' dir='ltr'>quan—</span> 
     </span>
     <span class='ocr_line' id='line_1_46' title="bbox 46 2387 1321 2448; baseline 0.006 -25"><span class='ocrx_word' id='word_1_414' title='bbox 46 2399 125 2448; x_wconf 31' lang='lat' dir='ltr'>tu&#39;n}</span> <span class='ocrx_word' id='word_1_415' title='bbox 141 2387 186 2424; x_wconf 88' lang='lat' dir='ltr'>ad</span> <span class='ocrx_word' id='word_1_416' title='bbox 205 2402 370 2426; x_wconf 86' lang='lat' dir='ltr'>mentem</span> <span class='ocrx_word' id='word_1_417' title='bbox 393 2391 682 2440; x_wconf 86' lang='lat' dir='ltr'>consequemur,</span> <span class='ocrx_word' id='word_1_418' title='bbox 698 2392 722 2428; x_wconf 81' lang='lat' dir='ltr'>si</span> <span class='ocrx_word' id='word_1_419' title='bbox 742 2392 948 2430; x_wconf 82' lang='lat' dir='ltr'>carnalibus</span> <span class='ocrx_word' id='word_1_420' title='bbox 972 2396 1066 2431; x_wconf 85' lang='lat' dir='ltr'>curis</span> <span class='ocrx_word' id='word_1_421' title='bbox 1087 2396 1321 2444; x_wconf 82' lang='lat' dir='ltr'>cogitationi—</span> 
     </span>
     <span class='ocr_line' id='line_1_47' title="bbox 48 2438 1377 2497; baseline 0.008 -21"><span class='ocrx_word' id='word_1_422' title='bbox 48 2438 184 2491; x_wconf 78' lang='lat' dir='ltr'>b&#39;ulque</span> <span class='ocrx_word' id='word_1_423' title='bbox 195 2442 362 2494; x_wconf 83' lang='lat' dir='ltr'>expedita</span> <span class='ocrx_word' id='word_1_424' title='bbox 376 2468 387 2486; x_wconf 90' lang='lat'>‚</span> <span class='ocrx_word' id='word_1_425' title='bbox 401 2442 533 2493; x_wconf 87' lang='lat' dir='ltr'>quibus</span> <span class='ocrx_word' id='word_1_426' title='bbox 543 2441 564 2481; x_wconf 72' lang='grc' dir='ltr'>ὲ</span> <span class='ocrx_word' id='word_1_427' title='bbox 575 2446 675 2484; x_wconf 63' lang='lat' dir='ltr'>recto</span> <span class='ocrx_word' id='word_1_428' title='bbox 682 2444 853 2497; x_wconf 75' lang='lat' dir='ltr'>puroque</span> <span class='ocrx_word' id='word_1_429' title='bbox 871 2446 944 2484; x_wconf 88' lang='lat' dir='ltr'>Dei</span> <span class='ocrx_word' id='word_1_430' title='bbox 955 2447 1090 2485; x_wconf 88' lang='lat' dir='ltr'>intuitu</span> <span class='ocrx_word' id='word_1_431' title='bbox 1102 2448 1247 2484; x_wconf 86' lang='lat' dir='ltr'>auocati</span> <span class='ocrx_word' id='word_1_432' title='bbox 1260 2459 1324 2486; x_wconf 84' lang='lat' dir='ltr'>aut</span> <span class='ocrx_word' id='word_1_433' title='bbox 1374 2438 1377 2440; x_wconf 32' lang='lat'>¹</span> 
     </span>
     <span class='ocr_line' id='line_1_48' title="bbox 626 2499 1149 2535; baseline 0 0"><span class='ocrx_word' id='word_1_434' title='bbox 626 2515 631 2519; x_wconf 68' lang='lat'><strong><em>¹</em></strong></span> <span class='ocrx_word' id='word_1_435' title='bbox 1068 2499 1149 2535; x_wconf 88' lang='lat' dir='ltr'>L.v.</span> 
     </span>
    </p>
   </div>
  </div>
 </body>
</html>
