1591 2775
268 33 335 77 ·592
649 31 863 69 L113R1
915 25 1205 71 TERTii

264 102 408 149 semper
419 97 524 136 firma
538 102 572 137 &
584 111 660 137 rata
672 100 768 143 fit‚in
782 112 954 150 promptu
977 101 1011 138 se
1023 98 1132 139 offert
1143 102 1236 139 ratio
1248 114 1258 138 ε
1270 101 1356 152 quia
1369 114 1451 141 cum
1464 104 1549 156 quia*

263 150 330 188 bus
343 151 530 201 paciscitur
543 155 665 195 Deus··‚
680 166 752 188 non
766 154 931 202 protinus
945 165 1007 190 eos
1021 153 1133 190 donat
1144 155 1278 201 Spiritu
1290 160 1546 204 regeneratio-

263 205 333 246 nis,
345 206 444 241 cuius
455 206 581 242 virtute
598 203 702 255 vsque
713 206 747 241 in
760 203 873 242 finem
887 206 922 242 in
934 203 1073 242 foedere
1086 205 1331 254 perseuerent:
1352 206 1411 244 sed
1425 213 1549 246 exter-'-

261 268 308 293 na
322 258 478 293 mutatio
491 256 622 306 absque
640 259 804 293 inrenon·
817 259 941 307 gratiae
952 254 1110 294 efficacia
1124 285 1133 300 ,
1146 270 1225 308 quae
1239 256 1285 295 ad
1298 271 1366 296 eos
1383 261 1550 297 retinen-

260 308 326 344 dos
341 309 456 344 valida
468 306 736 350 effer,medium
752 308 920 358 quiddam
937 311 986 346 est
1007 314 1101 347 inter
1123 310 1368 347 abiefflonem
1389 309 1546 350 humani

261 364 461 413 generis‚&
477 361 696 397 eleccionem
709 362 832 411 exigui
844 363 986 410 piorum
999 366 1152 398 numeri.
1165 361 1374 401 Haereditas,
1392 366 1462 400 Dei
1479 377 1548 401 vo-

263 424 364 449 catus
380 415 429 449 est
443 426 541 450 totus
556 411 894 462 populus1s1·2el‚ex
910 425 982 462 quo
994 426 1114 451 tamen
1127 414 1231 451 multi
1255 413 1407 452 fuerunt
1421 428 1548 453 extra-

262 466 343 501 nei:
359 463 419 501 sed
432 467 513 514 quia
526 478 599 501 non
622 463 666 500 de
679 464 792 500 nihilo
815 468 1004 516 pepigerat
1023 468 1123 503 Deus
1145 464 1180 503 se
1192 479 1331 516 patrem
1354 471 1386 504 δε
1401 468 1546 505 redem-

260 528 409 567 ptorem
422 517 512 554 illius
525 516 820 568 fore,gratuitum
842 516 944 554 suum
955 515 1120 555 fauorem
1136 515 1258 568 potius
1278 517 1420 569 respicit
1433 519 1543 570 quarn

201 584 210 593 ·
261 567 439 618 perfidam
462 568 666 605 multorum
688 567 938 605 defeetionem
952 582 961 605 :
976 582 1039 620 per
1059 583 1152 619 quos
1179 572 1286 608 etiam
1302 584 1376 609 non
1398 572 1543 610 abolita

259 620 331 658 fuit
344 621 439 658 illius
453 622 679 669 veritas.quia
693 619 749 656 vbi
763 620 826 656 fibi
839 620 1024 658 residuum
1034 621 1176 672 aliquid
1187 622 1358 663 seruauit.
1373 625 1543 662 vocatio-

260 685 349 708 nem
366 675 445 710 eius
465 675 630 722 apparuit
651 667 721 708 effe
733 673 869 720 absque
889 675 1117 721 poenitentia.
1131 676 1228 721 Nam
1250 673 1420 724 quodfibi
1435 679 1538 714 Deus

259 724 456 761 Ecclesiam
470 723 616 761 subinde
627 737 671 761 ex
692 722 775 760 filiis
788 724 940 761 Abrahae
951 722 1073 774 potius
1088 725 1191 775 quam
1214 739 1259 763 ex
1273 725 1432 776 profanis
1445 741 1538 781 gen-

258 777 355 814 tibus
376 778 551 828 collegit,
566 778 753 813 rationem
768 775 896 815 habuit
917 775 1062 813 foederis
1076 779 1148 814 sui:
1168 778 1268 828 quod
1283 780 1328 815 ab
1349 779 1423 829 ipsa
1440 781 1539 830 rnul-

258 829 415 866 titudine
437 829 617 866 violarum
630 828 674 865 ad
691 841 824 877 paucos
849 830 1027 866 restrinxit
1039 854 1048 870 ,
1063 842 1108 865 ne
1121 829 1264 877 prorsus
1289 832 1535 871 intercideret.

255 882 431 931 Denique
442 883 646 918 communis
671 880 734 917 illa
755 881 906 931 adoptio
927 880 1069 917 seminis
1085 879 1265 924 Abrahae«,
1278 882 1421 920 vifibilis
1434 888 1538 933 quae-2

255 935 340 971 dam
363 934 486 985 imago
508 932 577 970 fuit
601 934 749 969 maioris·
766 931 934 970 beneficii
956 947 1032 984 quo
1053 937 1154 970 Deus
1176 933 1317 984 aliquos
1345 948 1388 972 ex
1411 936 1536 973 multis
1584 971 1588 975 .

254 987 422 1038 dignatus
436 987 498 1021 est.
513 987 603 1022 Hrcc
618 987 714 1022 ratio
733 987 781 1022 est
794 998 855 1022 cur
869 997 943 1022 tam
955 983 1079 1023 scdulb
1092 985 1267 1023 discernat
1292 987 1419 1024 Paulus
1434 985 1532 1026 filios

253 1038 408 1076 Abrahae
420 1034 613 1076 secundum
627 1050 772 1075 carnem
786 1036 804 1074 ὲ
816 1037 1058 1086 spiritualibus
1073 1065 1082 1079 ‚
1096 1040 1157 1087 qui
1172 1038 1344 1089 exemplo
1358 1042 1454 1077 Isaac
1466 1054 1538 1077 vo·-

252 1092 326 1129 cati
338 1089 510 1127 suntznon
524 1088 623 1140 qubd
636 1089 844 1137 simpliciter
857 1087 929 1127 effe
943 1089 1097 1127 Abrahae
1109 1090 1226 1127 filium
1254 1104 1310 1128 res
1333 1090 1445 1129 fuerit
1455 1094 1535 1129 ina-

250 1146 305 1182 nis
320 1147 354 1179 &
367 1139 589 1180 infructuosa
603 1141 726 1190 (quod
745 1155 821 1178 non
843 1142 914 1180 fine
936 1141 1078 1180 foederis
1099 1142 1324 1180 contumelia
1335 1142 1536 1191 diceretur>

251 1195 314 1234 sed
324 1197 406 1245 quia
420 1194 653 1231 immutabile
665 1196 736 1231 Dei
748 1193 937 1231 confilium
952 1221 961 1236 ,
975 1207 1050 1245 quo
1064 1195 1128 1230 fibi
1148 1194 1413 1244 Praedestinauit
1434 1209 1530 1246 quos

251 1247 370 1285 voluit
384 1274 393 1288 ‚
411 1244 538 1283 efficax
559 1245 708 1283 demum
729 1259 795 1296 per
818 1244 852 1283 se
872 1246 923 1282 his
937 1247 1018 1283 solis
1042 1246 1303 1296 posterioribus
1317 1255 1354 1284 i'n
1377 1247 1531 1286 salutem

247 1300 336 1338 fuit.
361 1302 494 1337 Donec
514 1310 638 1336 autem
660 1298 845 1348 productis
866 1299 1056 1348 Scripturae
1078 1298 1169 1335 locis
1192 1298 1280 1349 quid
1298 1299 1532 1337 sentiendum

245 1353 291 1390 fit
311 1352 471 1402 liqueat,
485 1363 530 1387 ne
552 1352 590 1386 in
614 1352 767 1387 vtranuis
783 1362 925 1400 partem
950 1350 1014 1388 fibi
1037 1350 1282 1401 praeiudicium
1299 1349 1454 1390 afferant
1476 1352 1533 1390 le·

247 1405 368 1442 &ores
389 1416 538 1440 moneo.
560 1403 681 1454 Qud
703 1416 793 1454 ergo
815 1405 990 1452 Scriptura
1010 1401 1104 1440 clare
1125 1402 1298 1443 ostendit,
1311 1402 1529 1445 dicimuffiae·

245 1469 352 1494 terno
369 1461 402 1492 δε
428 1456 649 1492 immutabili
662 1456 812 1491 consilio
824 1458 949 1492 Deum
963 1455 1073 1492 semel
1086 1452 1311 1493 constituisse
1328 1469 1420 1506 quos
1431 1456 1526 1495 olim
1577 1460 1580 1464 ’

244 1508 356 1546 semel
368 1503 545 1544 assumere
558 1507 667 1543 vellet
690 1509 724 1543 in
749 1505 897 1544 salutem
910 1533 920 1547 ‚
934 1520 1025 1556 quos
1039 1508 1176 1554 rursum
1200 1508 1315 1544 exitio
1326 1509 1526 1547 deuouere.

241 1560 313 1598 hoc
327 1560 515 1597 confilium
529 1557 651 1610 quoad
664 1558 801 1595 elefflms
814 1561 850 1595 in
872 1561 1032 1609 gratuita
1046 1562 1122 1596 eius
1135 1556 1382 1596 misericordia
1395 1558 1528 1598 funda-

241 1625 325 1650 tum
338 1610 408 1650 effe
429 1608 615 1650 afferimus
630 1637 638 1653 ,
655 1611 755 1648 nullo
771 1610 936 1648 humanae
948 1611 1135 1664 dignitatis
1147 1611 1321 1659 respectu.
1334 1625 1424 1662 quos
1439 1611 1531 1650 vero

243 1664 475 1702 damnationi
487 1663 624 1701 addicit
639 1690 648 1705 ‚
662 1661 714 1700 his
726 1664 819 1699 iusto
831 1663 977 1713 quidem
995 1669 1028 1699 &
1055 1663 1355 1713 irreprehensibili
1371 1690 1381 1707 ‚
1395 1664 1455 1701 sed
1466 1667 1526 1702 in·-

241 1716 682 1768 comprehenfibiliipfius
705 1715 843 1752 iudicio
860 1741 870 1756 ‚
886 1716 964 1752 vitae
985 1715 1124 1753 aditum
1145 1715 1326 1765 praecludi.
1342 1723 1420 1753 Iam
1436 1715 1528 1754 verb>

240 1772 278 1807 in
293 1770 416 1807 eleftis
432 1781 665 1806 vocationem
679 1769 866 1804 statuimus
880 1793 890 1810 ,
904 1767 1094 1805 elestionis
1116 1768 1525 1806 testimonium.1ustifi-

241 1824 426 1859 canonem
449 1820 578 1857 deinde
597 1847 606 1862 ‚
629 1820 783 1857 alterum
806 1821 880 1857 eius
907 1819 1431 1867 manifestandaesymbolum,
1454 1820 1521 1858 do-

242 1887 310 1911 nec
330 1874 375 1910 ad
398 1873 552 1924 gloriam
574 1877 611 1909 in
643 1885 714 1921 qua
744 1874 820 1909 eius
841 1872 1155 1922 complementum
1178 1884 1277 1909 extat
1300 1875 1525 1921 peruenitur.
1572 1917 1574 1921 y

240 1925 572 1977 Qemadmodum
596 1937 717 1962 autem
740 1925 938 1961 vocatione
952 1929 985 1961 &
1008 1922 1261 1961 iustificatione
1283 1923 1422 1961 electos
1441 1926 1524 1963 suos

238 1980 425 2015 Dominus
447 1978 560 2028 signat
580 2004 590 2019 ‚
612 1980 663 2014 ita
689 1977 867 2027 reprobos
883 1976 942 2013 vel
961 1974 1122 2014 &notitia
1144 1976 1194 2014 sui
1216 1977 1373 2013 nominis
1388 2003 1398 2018 ‚
1423 1977 1481 2015 vel
1501 1976 1525 2015 ὲ

239 2031 388 2081 Spiritus
411 2030 462 2066 sui
483 2027 767 2066 sanctificatione
789 2027 1017 2065 excludendo
1031 2055 1040 2070 ‚
1063 2027 1169 2077 quale
1187 2040 1329 2066 maneat
1350 2029 1525 2067 eosiudi-

236 2085 333 2120 cium
346 2083 419 2118 istis
434 2081 546 2118 veluti
561 2083 656 2118 notis
669 2082 798 2129 aperit.
813 2080 934 2117 Multa
946 2079 1002 2116 hic
1014 2080 1205 2130 praeteribo
1226 2080 1403 2130 figmenta
1415 2107 1427 2124 ,
1442 2095 1524 2132 qux

239 2134 286 2172 ad
311 2133 549 2171 euertendam
573 2132 930 2182 praedestinationem
955 2134 1156 2169 commenti
1177 2132 1258 2170 sunt
1280 2133 1376 2170 stulti
1399 2134 1521 2171 homi-

238 2199 315 2224 nes.
331 2188 421 2224 Non
445 2187 541 2222 enim
562 2182 783 2222 refutatione
803 2184 965 2234 indigent
980 2212 987 2226 ,
1001 2198 1081 2235 quae
1103 2184 1250 2221 simulac
1269 2184 1523 2234 proferuntur,-
1578 2207 1581 2214 ·

240 2238 422 2288 suamipsa
434 2237 629 2275 falfitatem
651 2236 797 2273 abunde
815 2236 1050 2288 redarguunt.
1073 2240 1111 2273 In
1133 2237 1174 2273 iis
1191 2236 1331 2274 tantum
1345 2239 1518 2275 immora-

236 2292 308 2328 bor
319 2291 376 2328 vel
388 2290 432 2328 de
445 2289 571 2340 quibus
591 2291 688 2325 inter
702 2288 830 2325 destos
843 2286 1056 2337 disceptatur
1071 2316 1080 2329 ‚
1097 2288 1151 2325 vel
1164 2302 1242 2339 quae
1256 2285 1516 2328 difficultatem

237 2342 456 2392 simplicibus
469 2341 606 2379 adferre
617 2339 762 2391 possint,
775 2338 829 2377 vel
841 2353 918 2391 quae
930 2338 1087 2392 speciose
1108 2339 1151 2378 ad
1165 2340 1426 2397 suggillandam
1446 2343 1520 2379 Dei

236 2396 410 2434 iustitiam
423 2394 803 2446 praetenditimpietas.
1374 2445 1406 2483 C
1459 2442 1484 2483 fi

1407 2459 1456 2484 on
1486 2457 1522 2484 r-
