<?xml version="1.0" encoding="UTF-8"?>
<!DOCTYPE html PUBLIC "-//W3C//DTD XHTML 1.0 Transitional//EN"
    "http://www.w3.org/TR/xhtml1/DTD/xhtml1-transitional.dtd">
<html xmlns="http://www.w3.org/1999/xhtml" xml:lang="en" lang="en">
 <head>
  <title>
</title>
<meta http-equiv="Content-Type" content="text/html;charset=utf-8" />
  <meta name='ocr-system' content='tesseract 3.04.00' />
  <meta name='ocr-capabilities' content='ocr_page ocr_carea ocr_par ocr_line ocrx_word'/>
</head>
<body>
  <div class='ocr_page' id='page_1' title='image "./institutiochrist00calv_0282.png"; bbox 0 0 1591 2775; ppageno 0'>
   <div class='ocr_carea' id='block_1_1' title="bbox 203 20 1164 95">
    <p class='ocr_par' dir='ltr' id='par_1_1' title="bbox 203 20 1164 95">
     <span class='ocr_line' id='line_1_1' title="bbox 203 20 1164 95; baseline -0.003 -8"><span class='ocrx_word' id='word_1_1' title='bbox 203 45 277 95; x_wconf 58' lang='lat'>{41}</span> <span class='ocrx_word' id='word_1_2' title='bbox 565 20 792 83; x_wconf 60' lang='lat' dir='ltr'>maizi</span> <span class='ocrx_word' id='word_1_3' title='bbox 838 45 1164 84; x_wconf 80' lang='lat' dir='ltr'>si-:chDi</span> 
     </span>
    </p>
   </div>
   <div class='ocr_carea' id='block_1_2' title="bbox 205 108 1508 525">
    <p class='ocr_par' dir='ltr' id='par_1_2' title="bbox 205 108 1508 525">
     <span class='ocr_line' id='line_1_2' title="bbox 257 108 1503 162; baseline 0.005 -15"><span class='ocrx_word' id='word_1_4' title='bbox 257 122 308 155; x_wconf 76' lang='lat'>47</span> <span class='ocrx_word' id='word_1_5' title='bbox 357 109 453 162; x_wconf 70' lang='lat' dir='ltr'>Finis</span> <span class='ocrx_word' id='word_1_6' title='bbox 465 108 544 147; x_wconf 84' lang='lat' dir='ltr'>eius</span> <span class='ocrx_word' id='word_1_7' title='bbox 558 124 568 147; x_wconf 74' lang='grc' dir='ltr'><strong>ε</strong></span> <span class='ocrx_word' id='word_1_8' title='bbox 582 109 783 161; x_wconf 79' lang='lat' dir='ltr'>Qoniam</span> <span class='ocrx_word' id='word_1_9' title='bbox 800 109 988 148; x_wconf 63' lang='lat' dir='ltr'>mendacia</span> <span class='ocrx_word' id='word_1_10' title='bbox 1002 111 1189 160; x_wconf 81' lang='lat' dir='ltr'>Detis(qui</span> <span class='ocrx_word' id='word_1_11' title='bbox 1201 110 1332 149; x_wconf 82' lang='lat' dir='ltr'>veritas</span> <span class='ocrx_word' id='word_1_12' title='bbox 1343 111 1503 160; x_wconf 60' lang='lat' dir='ltr'>emere:</span> 
     </span>
     <span class='ocr_line' id='line_1_3' title="bbox 207 158 1504 219; baseline 0.004 -20"><span class='ocrx_word' id='word_1_13' title='bbox 207 174 342 204; x_wconf 80' lang='lat' dir='ltr'>tratur,</span> <span class='ocrx_word' id='word_1_14' title='bbox 358 165 547 200; x_wconf 78' lang='lat' dir='ltr'>veritatem</span> <span class='ocrx_word' id='word_1_15' title='bbox 561 162 636 199; x_wconf 79' lang='lat' dir='ltr'>fine</span> <span class='ocrx_word' id='word_1_16' title='bbox 648 161 733 199; x_wconf 86' lang='lat' dir='ltr'>fuco</span> <span class='ocrx_word' id='word_1_17' title='bbox 749 158 820 199; x_wconf 78' lang='lat' dir='ltr'>effe</span> <span class='ocrx_word' id='word_1_18' title='bbox 834 164 928 200; x_wconf 83' lang='lat' dir='ltr'>inter</span> <span class='ocrx_word' id='word_1_19' title='bbox 940 175 1009 199; x_wconf 88' lang='lat' dir='ltr'>nos</span> <span class='ocrx_word' id='word_1_20' title='bbox 1023 162 1208 200; x_wconf 61' lang='lat' dir='ltr'>coledam.</span> <span class='ocrx_word' id='word_1_21' title='bbox 1222 166 1376 203; x_wconf 86' lang='lat' dir='ltr'>Summa</span> <span class='ocrx_word' id='word_1_22' title='bbox 1390 168 1504 219; x_wconf 81' lang='lat' dir='ltr'>igitur</span> 
     </span>
     <span class='ocr_line' id='line_1_4' title="bbox 205 212 1502 265; baseline 0.003 -13"><span class='ocrx_word' id='word_1_23' title='bbox 205 215 293 255; x_wconf 71' lang='lat' dir='ltr'>erit,</span> <span class='ocrx_word' id='word_1_24' title='bbox 303 227 348 251; x_wconf 80' lang='lat' dir='ltr'>ne</span> <span class='ocrx_word' id='word_1_25' title='bbox 362 214 421 251; x_wconf 80' lang='lat' dir='ltr'>vel</span> <span class='ocrx_word' id='word_1_26' title='bbox 431 214 622 252; x_wconf 70' lang='lat' dir='ltr'>caiumniis</span> <span class='ocrx_word' id='word_1_27' title='bbox 635 212 808 265; x_wconf 65' lang='lat' dir='ltr'>falfisqiie</span> <span class='ocrx_word' id='word_1_28' title='bbox 821 215 1141 253; x_wconf 79' lang='lat' dir='ltr'>criminationibus</span> <span class='ocrx_word' id='word_1_29' title='bbox 1156 215 1336 254; x_wconf 84' lang='lat' dir='ltr'>violemus</span> <span class='ocrx_word' id='word_1_30' title='bbox 1348 217 1502 257; x_wconf 72' lang='lat' dir='ltr'>alicuius</span> 
     </span>
     <span class='ocr_line' id='line_1_5' title="bbox 208 264 1506 318; baseline -0.001 -15"><span class='ocrx_word' id='word_1_31' title='bbox 208 279 364 309; x_wconf 76' lang='lat' dir='ltr'>nomen,</span> <span class='ocrx_word' id='word_1_32' title='bbox 378 266 438 303; x_wconf 78' lang='lat' dir='ltr'>vel</span> <span class='ocrx_word' id='word_1_33' title='bbox 449 265 640 304; x_wconf 78' lang='lat' dir='ltr'>mendacio</span> <span class='ocrx_word' id='word_1_34' title='bbox 656 269 691 303; x_wconf 83' lang='lat' dir='ltr'>in</span> <span class='ocrx_word' id='word_1_35' title='bbox 707 265 773 304; x_wconf 87' lang='lat' dir='ltr'>suis</span> <span class='ocrx_word' id='word_1_36' title='bbox 785 264 940 304; x_wconf 81' lang='lat' dir='ltr'>fortunis</span> <span class='ocrx_word' id='word_1_37' title='bbox 954 279 1148 318; x_wconf 79' lang='lat' dir='ltr'>grauemus</span> <span class='ocrx_word' id='word_1_38' title='bbox 1171 266 1352 318; x_wconf 82' lang='lat' dir='ltr'>:denique</span> <span class='ocrx_word' id='word_1_39' title='bbox 1365 282 1411 307; x_wconf 90' lang='lat' dir='ltr'>ne</span> <span class='ocrx_word' id='word_1_40' title='bbox 1425 282 1506 313; x_wconf 84' lang='lat' dir='ltr'>ma.</span> 
     </span>
     <span class='ocr_line' id='line_1_6' title="bbox 213 317 1507 369; baseline 0.005 -15"><span class='ocrx_word' id='word_1_41' title='bbox 213 317 417 356; x_wconf 81' lang='lat' dir='ltr'>ledicentiae</span> <span class='ocrx_word' id='word_1_42' title='bbox 432 324 464 356; x_wconf 59' lang='grc' dir='ltr'>δί</span> <span class='ocrx_word' id='word_1_43' title='bbox 480 320 709 369; x_wconf 78' lang='lat' dir='ltr'>procacitatis</span> <span class='ocrx_word' id='word_1_44' title='bbox 723 318 877 355; x_wconf 86' lang='lat' dir='ltr'>libidine</span> <span class='ocrx_word' id='word_1_45' title='bbox 890 321 1101 368; x_wconf 74' lang='lat' dir='ltr'>quempiam</span> <span class='ocrx_word' id='word_1_46' title='bbox 1115 318 1373 359; x_wconf 84' lang='lat' dir='ltr'>laedamus.Cui</span> <span class='ocrx_word' id='word_1_47' title='bbox 1387 322 1507 359; x_wconf 79' lang='lat' dir='ltr'>inter·</span> 
     </span>
     <span class='ocr_line' id='line_1_7' title="bbox 209 369 1506 423; baseline 0.002 -15"><span class='ocrx_word' id='word_1_48' title='bbox 209 371 313 408; x_wconf 61' lang='lat' dir='ltr'>dieto</span> <span class='ocrx_word' id='word_1_49' title='bbox 322 370 486 409; x_wconf 81' lang='lat' dir='ltr'>cohaeret</span> <span class='ocrx_word' id='word_1_50' title='bbox 496 372 706 420; x_wconf 81' lang='lat' dir='ltr'>imperium,</span> <span class='ocrx_word' id='word_1_51' title='bbox 727 381 768 407; x_wconf 87' lang='lat' dir='ltr'>vt</span> <span class='ocrx_word' id='word_1_52' title='bbox 779 371 971 419; x_wconf 72' lang='lat' dir='ltr'>vnicuiqiie</span> <span class='ocrx_word' id='word_1_53' title='bbox 986 369 1137 408; x_wconf 79' lang='lat' dir='ltr'>fidelem</span> <span class='ocrx_word' id='word_1_54' title='bbox 1150 373 1443 423; x_wconf 85' lang='lat' dir='ltr'>operam,quoad</span> <span class='ocrx_word' id='word_1_55' title='bbox 1456 374 1506 411; x_wconf 75' lang='lat'>11-</span> 
     </span>
     <span class='ocr_line' id='line_1_8' title="bbox 209 418 1508 466; baseline 0.002 -6"><span class='ocrx_word' id='word_1_56' title='bbox 209 435 293 466; x_wconf 78' lang='lat' dir='ltr'>cet,</span> <span class='ocrx_word' id='word_1_57' title='bbox 307 425 343 460; x_wconf 86' lang='lat' dir='ltr'>in</span> <span class='ocrx_word' id='word_1_58' title='bbox 356 421 541 461; x_wconf 76' lang='lat' dir='ltr'>afferenda</span> <span class='ocrx_word' id='word_1_59' title='bbox 565 422 719 459; x_wconf 84' lang='lat' dir='ltr'>veritate</span> <span class='ocrx_word' id='word_1_60' title='bbox 740 418 1024 460; x_wconf 66' lang='lat' dir='ltr'>commodemus</span> <span class='ocrx_word' id='word_1_61' title='bbox 1041 450 1051 465; x_wconf 87' lang='lat'>‚</span> <span class='ocrx_word' id='word_1_62' title='bbox 1066 422 1111 460; x_wconf 87' lang='lat' dir='ltr'>ad</span> <span class='ocrx_word' id='word_1_63' title='bbox 1133 422 1305 461; x_wconf 85' lang='lat' dir='ltr'>tuendam</span> <span class='ocrx_word' id='word_1_64' title='bbox 1328 427 1361 462; x_wconf 82' lang='lat'>&amp;</span> <span class='ocrx_word' id='word_1_65' title='bbox 1379 427 1508 462; x_wconf 87' lang='lat' dir='ltr'>nomi-</span> 
     </span>
     <span class='ocr_line' id='line_1_9' title="bbox 212 473 1505 525; baseline 0.003 -13"><span class='ocrx_word' id='word_1_66' title='bbox 212 476 307 512; x_wconf 80' lang='lat' dir='ltr'>nis&amp;</span> <span class='ocrx_word' id='word_1_67' title='bbox 321 488 443 512; x_wconf 84' lang='lat' dir='ltr'>rerum</span> <span class='ocrx_word' id='word_1_68' title='bbox 456 473 600 511; x_wconf 81' lang='lat' dir='ltr'>suarum</span> <span class='ocrx_word' id='word_1_69' title='bbox 616 475 882 525; x_wconf 77' lang='lat' dir='ltr'>integritatem.</span> <span class='ocrx_word' id='word_1_70' title='bbox 897 475 1047 512; x_wconf 79' lang='lat' dir='ltr'><strong>Sensum</strong></span> <span class='ocrx_word' id='word_1_71' title='bbox 1062 475 1195 513; x_wconf 72' lang='lat' dir='ltr'>madati</span> <span class='ocrx_word' id='word_1_72' title='bbox 1211 475 1262 513; x_wconf 87' lang='lat' dir='ltr'>sui</span> <span class='ocrx_word' id='word_1_73' title='bbox 1279 476 1421 515; x_wconf 86' lang='lat' dir='ltr'>videtur</span> <span class='ocrx_word' id='word_1_74' title='bbox 1437 490 1505 516; x_wconf 84' lang='lat' dir='ltr'>ex-</span> 
     </span>
    </p>
   </div>
   <div class='ocr_carea' id='block_1_3' title="bbox 39 523 1502 580">
    <p class='ocr_par' dir='ltr' id='par_1_3' title="bbox 39 523 1502 580">
     <span class='ocr_line' id='line_1_10' title="bbox 39 523 1502 580; baseline -0.002 -15"><span class='ocrx_word' id='word_1_75' title='bbox 39 527 148 576; x_wconf 65' lang='lat' dir='ltr'>lxocl.</span> <span class='ocrx_word' id='word_1_76' title='bbox 159 547 199 580; x_wconf 81' lang='lat'>²3</span> <span class='ocrx_word' id='word_1_77' title='bbox 213 541 354 576; x_wconf 84' lang='lat' dir='ltr'>ponere</span> <span class='ocrx_word' id='word_1_78' title='bbox 367 523 521 564; x_wconf 75' lang='lat' dir='ltr'>voluisse</span> <span class='ocrx_word' id='word_1_79' title='bbox 533 528 714 562; x_wconf 83' lang='lat' dir='ltr'>Dominus</span> <span class='ocrx_word' id='word_1_80' title='bbox 728 525 912 573; x_wconf 79' lang='lat' dir='ltr'>Exodi.23‚</span> <span class='ocrx_word' id='word_1_81' title='bbox 926 526 980 563; x_wconf 89' lang='lat' dir='ltr'>his</span> <span class='ocrx_word' id='word_1_82' title='bbox 998 528 1130 567; x_wconf 85' lang='lat' dir='ltr'>verbis,</span> <span class='ocrx_word' id='word_1_83' title='bbox 1146 530 1234 565; x_wconf 82' lang='lat' dir='ltr'>Non</span> <span class='ocrx_word' id='word_1_84' title='bbox 1253 527 1420 580; x_wconf 83' lang='lat' dir='ltr'>suscipies</span> <span class='ocrx_word' id='word_1_85' title='bbox 1435 543 1502 566; x_wconf 70' lang='lat' dir='ltr'>vo..</span> 
     </span>
    </p>
   </div>
   <div class='ocr_carea' id='block_1_4' title="bbox 43 598 189 730">
    <p class='ocr_par' dir='ltr' id='par_1_4' title="bbox 43 598 189 730">
     <span class='ocr_line' id='line_1_11' title="bbox 43 598 94 625; baseline -0.059 0"><span class='ocrx_word' id='word_1_86' title='bbox 43 598 94 625; x_wconf 58' lang='lat' dir='ltr'>a]</span> 
     </span>
     <span class='ocr_line' id='line_1_12' title="bbox 44 644 189 681; baseline 0 -5"><span class='ocrx_word' id='word_1_87' title='bbox 44 644 189 681; x_wconf 67' lang='lat' dir='ltr'>Leum9.</span> 
     </span>
     <span class='ocr_line' id='line_1_13' title="bbox 43 700 114 730; baseline -0.014 0"><span class='ocrx_word' id='word_1_88' title='bbox 43 700 114 730; x_wconf 78' lang='lat' dir='ltr'>e.16</span> 
     </span>
    </p>
   </div>
   <div class='ocr_carea' id='block_1_5' title="bbox 188 578 1503 2457">
    <p class='ocr_par' dir='ltr' id='par_1_5' title="bbox 196 578 1503 1934">
     <span class='ocr_line' id='line_1_14' title="bbox 210 578 1503 630; baseline 0 -14"><span class='ocrx_word' id='word_1_89' title='bbox 210 592 292 617; x_wconf 87' lang='lat' dir='ltr'>cem</span> <span class='ocrx_word' id='word_1_90' title='bbox 304 578 509 616; x_wconf 82' lang='lat' dir='ltr'>mendacii:</span> <span class='ocrx_word' id='word_1_91' title='bbox 530 590 597 614; x_wconf 90' lang='lat' dir='ltr'>nec</span> <span class='ocrx_word' id='word_1_92' title='bbox 610 579 741 629; x_wconf 85' lang='lat' dir='ltr'>iunges</span> <span class='ocrx_word' id='word_1_93' title='bbox 754 590 901 616; x_wconf 86' lang='lat' dir='ltr'>manum</span> <span class='ocrx_word' id='word_1_94' title='bbox 916 590 1012 616; x_wconf 88' lang='lat' dir='ltr'>tuam</span> <span class='ocrx_word' id='word_1_95' title='bbox 1027 605 1036 620; x_wconf 83' lang='lat'><strong><em>‚</em></strong></span> <span class='ocrx_word' id='word_1_96' title='bbox 1064 591 1101 617; x_wconf 91' lang='lat' dir='ltr'>vt</span> <span class='ocrx_word' id='word_1_97' title='bbox 1112 594 1177 627; x_wconf 87' lang='lat' dir='ltr'>pro</span> <span class='ocrx_word' id='word_1_98' title='bbox 1189 583 1308 630; x_wconf 85' lang='lat' dir='ltr'>impio</span> <span class='ocrx_word' id='word_1_99' title='bbox 1322 581 1418 618; x_wconf 84' lang='lat' dir='ltr'>dicas</span> <span class='ocrx_word' id='word_1_100' title='bbox 1432 579 1503 619; x_wconf 79' lang='lat' dir='ltr'>fal.</span> 
     </span>
     <span class='ocr_line' id='line_1_15' title="bbox 208 628 1502 685; baseline 0.002 -16"><span class='ocrx_word' id='word_1_101' title='bbox 208 630 286 669; x_wconf 83' lang='lat' dir='ltr'>sum</span> <span class='ocrx_word' id='word_1_102' title='bbox 300 631 561 669; x_wconf 83' lang='lat' dir='ltr'>testimonium.</span> <span class='ocrx_word' id='word_1_103' title='bbox 575 628 924 672; x_wconf 78' lang='lat' dir='ltr'>item,Mendacium</span> <span class='ocrx_word' id='word_1_104' title='bbox 940 629 1074 685; x_wconf 73' lang='lat' dir='ltr'>fugies,</span> <span class='ocrx_word' id='word_1_105' title='bbox 1093 632 1179 669; x_wconf 85' lang='lat' dir='ltr'>Alio</span> <span class='ocrx_word' id='word_1_106' title='bbox 1193 645 1304 670; x_wconf 84' lang='lat' dir='ltr'>etiam</span> <span class='ocrx_word' id='word_1_107' title='bbox 1317 632 1414 676; x_wconf 86' lang='lat' dir='ltr'>loco,</span> <span class='ocrx_word' id='word_1_108' title='bbox 1425 646 1502 673; x_wconf 72' lang='lat' dir='ltr'>noa</span> 
     </span>
     <span class='ocr_line' id='line_1_16' title="bbox 211 679 1496 733; baseline 0.001 -11"><span class='ocrx_word' id='word_1_109' title='bbox 211 696 255 722; x_wconf 88' lang='lat' dir='ltr'>ea</span> <span class='ocrx_word' id='word_1_110' title='bbox 277 682 391 720; x_wconf 69' lang='lat' dir='ltr'>modo</span> <span class='ocrx_word' id='word_1_111' title='bbox 417 679 749 733; x_wconf 69' lang='lat' dir='ltr'>parteamendacio</span> <span class='ocrx_word' id='word_1_112' title='bbox 774 695 839 719; x_wconf 86' lang='lat' dir='ltr'>nos</span> <span class='ocrx_word' id='word_1_113' title='bbox 861 695 1036 724; x_wconf 78' lang='lat' dir='ltr'>reuocat,</span> <span class='ocrx_word' id='word_1_114' title='bbox 1053 696 1097 720; x_wconf 91' lang='lat' dir='ltr'>ne</span> <span class='ocrx_word' id='word_1_115' title='bbox 1111 684 1216 721; x_wconf 82' lang='lat' dir='ltr'>fimus</span> <span class='ocrx_word' id='word_1_116' title='bbox 1237 687 1496 724; x_wconf 80' lang='lat' dir='ltr'>criminatores</span> 
     </span>
     <span class='ocr_line' id='line_1_17' title="bbox 207 732 1501 784; baseline 0.002 -10"><span class='ocrx_word' id='word_1_117' title='bbox 207 748 252 774; x_wconf 80' lang='lat' dir='ltr'>ac</span> <span class='ocrx_word' id='word_1_118' title='bbox 263 736 474 773; x_wconf 81' lang='lat' dir='ltr'><strong>susurrones</strong></span> <span class='ocrx_word' id='word_1_119' title='bbox 489 735 523 770; x_wconf 85' lang='lat' dir='ltr'>in</span> <span class='ocrx_word' id='word_1_120' title='bbox 538 732 761 784; x_wconf 72' lang='lat' dir='ltr'>popuiozsed</span> <span class='ocrx_word' id='word_1_121' title='bbox 774 735 902 784; x_wconf 79' lang='lat' dir='ltr'>nequis</span> <span class='ocrx_word' id='word_1_122' title='bbox 915 733 1070 783; x_wconf 74' lang='lat' dir='ltr'>decipiat</span> <span class='ocrx_word' id='word_1_123' title='bbox 1080 732 1232 774; x_wconf 84' lang='lat' dir='ltr'>fratrem</span> <span class='ocrx_word' id='word_1_124' title='bbox 1246 737 1364 780; x_wconf 85' lang='lat' dir='ltr'>suum,</span> <span class='ocrx_word' id='word_1_125' title='bbox 1375 750 1501 776; x_wconf 81' lang='lat' dir='ltr'>vtrun-</span> 
     </span>
     <span class='ocr_line' id='line_1_18' title="bbox 209 783 1499 842; baseline 0.003 -18"><span class='ocrx_word' id='word_1_126' title='bbox 209 801 284 839; x_wconf 83' lang='lat' dir='ltr'>que</span> <span class='ocrx_word' id='word_1_127' title='bbox 296 790 394 824; x_wconf 87' lang='lat' dir='ltr'>enim</span> <span class='ocrx_word' id='word_1_128' title='bbox 416 785 594 823; x_wconf 52' lang='lat' dir='ltr'>distineris</span> <span class='ocrx_word' id='word_1_129' title='bbox 614 785 798 823; x_wconf 81' lang='lat' dir='ltr'>mandatis</span> <span class='ocrx_word' id='word_1_130' title='bbox 819 799 938 823; x_wconf 84' lang='lat' dir='ltr'>cauet.</span> <span class='ocrx_word' id='word_1_131' title='bbox 955 783 1048 824; x_wconf 75' lang='lat' dir='ltr'>Sane</span> <span class='ocrx_word' id='word_1_132' title='bbox 1069 787 1220 825; x_wconf 87' lang='lat' dir='ltr'>dubium</span> <span class='ocrx_word' id='word_1_133' title='bbox 1245 802 1320 827; x_wconf 87' lang='lat' dir='ltr'>non</span> <span class='ocrx_word' id='word_1_134' title='bbox 1334 790 1383 827; x_wconf 87' lang='lat' dir='ltr'>est</span> <span class='ocrx_word' id='word_1_135' title='bbox 1395 791 1499 842; x_wconf 83' lang='lat' dir='ltr'>quin,</span> 
     </span>
     <span class='ocr_line' id='line_1_19' title="bbox 210 836 1501 890; baseline 0.002 -12"><span class='ocrx_word' id='word_1_136' title='bbox 210 852 249 878; x_wconf 83' lang='lat' dir='ltr'>vt</span> <span class='ocrx_word' id='word_1_137' title='bbox 259 838 549 889; x_wconf 74' lang='lat' dir='ltr'>praecedennbus</span> <span class='ocrx_word' id='word_1_138' title='bbox 562 838 745 876; x_wconf 74' lang='lat' dir='ltr'>mandatis</span> <span class='ocrx_word' id='word_1_139' title='bbox 759 837 925 876; x_wconf 78' lang='lat' dir='ltr'>cohibuit</span> <span class='ocrx_word' id='word_1_140' title='bbox 939 836 1415 890; x_wconf 81' lang='lat' dir='ltr'>saeuitiam,impudicitiam‚</span> <span class='ocrx_word' id='word_1_141' title='bbox 1431 855 1501 881; x_wconf 83' lang='lat' dir='ltr'>aua</span> 
     </span>
     <span class='ocr_line' id='line_1_20' title="bbox 208 888 1500 945; baseline 0.002 -16"><span class='ocrx_word' id='word_1_142' title='bbox 208 893 334 929; x_wconf 78' lang='lat' dir='ltr'>titiam</span> <span class='ocrx_word' id='word_1_143' title='bbox 346 916 357 933; x_wconf 87' lang='lat'>‚</span> <span class='ocrx_word' id='word_1_144' title='bbox 374 892 428 929; x_wconf 84' lang='lat' dir='ltr'>ita</span> <span class='ocrx_word' id='word_1_145' title='bbox 438 888 498 927; x_wconf 77' lang='lat' dir='ltr'>hic</span> <span class='ocrx_word' id='word_1_146' title='bbox 510 889 705 928; x_wconf 74' lang='lat' dir='ltr'>falsitatem</span> <span class='ocrx_word' id='word_1_147' title='bbox 718 903 889 928; x_wconf 86' lang='lat' dir='ltr'>coerceat</span> <span class='ocrx_word' id='word_1_148' title='bbox 905 892 1024 929; x_wconf 89' lang='lat' dir='ltr'>:cuius</span> <span class='ocrx_word' id='word_1_149' title='bbox 1039 892 1113 928; x_wconf 89' lang='lat' dir='ltr'>duo</span> <span class='ocrx_word' id='word_1_150' title='bbox 1125 891 1205 929; x_wconf 87' lang='lat' dir='ltr'>sunt</span> <span class='ocrx_word' id='word_1_151' title='bbox 1218 892 1384 930; x_wconf 87' lang='lat' dir='ltr'>membra</span> <span class='ocrx_word' id='word_1_152' title='bbox 1395 919 1406 935; x_wconf 89' lang='lat'><strong>‚</strong></span> <span class='ocrx_word' id='word_1_153' title='bbox 1419 907 1500 945; x_wconf 78' lang='lat' dir='ltr'>quae</span> 
     </span>
     <span class='ocr_line' id='line_1_21' title="bbox 208 943 1501 995; baseline 0.004 -15"><span class='ocrx_word' id='word_1_154' title='bbox 208 945 307 995; x_wconf 83' lang='lat' dir='ltr'>prius</span> <span class='ocrx_word' id='word_1_155' title='bbox 321 945 534 981; x_wconf 81' lang='lat' dir='ltr'>notauimus</span> <span class='ocrx_word' id='word_1_156' title='bbox 545 971 555 987; x_wconf 90' lang='lat'>‚</span> <span class='ocrx_word' id='word_1_157' title='bbox 571 945 648 981; x_wconf 83' lang='lat' dir='ltr'>Aut</span> <span class='ocrx_word' id='word_1_158' title='bbox 659 945 759 980; x_wconf 88' lang='lat' dir='ltr'>enim</span> <span class='ocrx_word' id='word_1_159' title='bbox 772 943 1005 995; x_wconf 83' lang='lat' dir='ltr'>malignitate</span> <span class='ocrx_word' id='word_1_160' title='bbox 1022 949 1054 981; x_wconf 86' lang='lat'>&amp;</span> <span class='ocrx_word' id='word_1_161' title='bbox 1069 943 1298 982; x_wconf 53' lang='lat' dir='ltr'>obtrectandi</span> <span class='ocrx_word' id='word_1_162' title='bbox 1321 948 1501 995; x_wconf 85' lang='lat' dir='ltr'>prauitate</span> 
     </span>
     <span class='ocr_line' id='line_1_22' title="bbox 207 994 1498 1046; baseline 0.001 -12"><span class='ocrx_word' id='word_1_163' title='bbox 207 995 456 1046; x_wconf 83' lang='lat' dir='ltr'>delinquimus</span> <span class='ocrx_word' id='word_1_164' title='bbox 470 997 505 1032; x_wconf 89' lang='lat' dir='ltr'>in</span> <span class='ocrx_word' id='word_1_165' title='bbox 519 994 659 1033; x_wconf 86' lang='lat' dir='ltr'>famam</span> <span class='ocrx_word' id='word_1_166' title='bbox 683 996 940 1045; x_wconf 85' lang='lat' dir='ltr'>proximorum</span> <span class='ocrx_word' id='word_1_167' title='bbox 955 1010 964 1032; x_wconf 75' lang='lat' dir='ltr'><em>z</em></span> <span class='ocrx_word' id='word_1_168' title='bbox 978 1008 1040 1034; x_wconf 84' lang='lat' dir='ltr'>aut</span> <span class='ocrx_word' id='word_1_169' title='bbox 1060 996 1299 1039; x_wconf 71' lang='lat' dir='ltr'>mentiendc),</span> <span class='ocrx_word' id='word_1_170' title='bbox 1312 997 1498 1036; x_wconf 80' lang='lat' dir='ltr'>interdum</span> 
     </span>
     <span class='ocr_line' id='line_1_23' title="bbox 208 1047 1500 1098; baseline 0.002 -12"><span class='ocrx_word' id='word_1_171' title='bbox 208 1050 325 1087; x_wconf 84' lang='lat' dir='ltr'>etiam</span> <span class='ocrx_word' id='word_1_172' title='bbox 338 1048 602 1098; x_wconf 80' lang='lat' dir='ltr'>obloquendo,</span> <span class='ocrx_word' id='word_1_173' title='bbox 619 1047 843 1085; x_wconf 81' lang='lat' dir='ltr'>detrahimus</span> <span class='ocrx_word' id='word_1_174' title='bbox 865 1061 996 1085; x_wconf 86' lang='lat' dir='ltr'>eorum</span> <span class='ocrx_word' id='word_1_175' title='bbox 1018 1048 1240 1086; x_wconf 77' lang='lat' dir='ltr'>commodis.</span> <span class='ocrx_word' id='word_1_176' title='bbox 1258 1047 1361 1087; x_wconf 92' lang='lat' dir='ltr'>Nihil</span> <span class='ocrx_word' id='word_1_177' title='bbox 1374 1062 1500 1088; x_wconf 83' lang='lat' dir='ltr'>autem</span> 
     </span>
     <span class='ocr_line' id='line_1_24' title="bbox 205 1099 1499 1152; baseline 0.002 -14"><span class='ocrx_word' id='word_1_178' title='bbox 205 1099 522 1142; x_wconf 76' lang='lat' dir='ltr'>interest‚s01enne</span> <span class='ocrx_word' id='word_1_179' title='bbox 536 1104 570 1137; x_wconf 88' lang='lat'>&amp;</span> <span class='ocrx_word' id='word_1_180' title='bbox 585 1100 817 1138; x_wconf 75' lang='lat' dir='ltr'>iudiciariam</span> <span class='ocrx_word' id='word_1_181' title='bbox 833 1102 1092 1138; x_wconf 85' lang='lat' dir='ltr'>testimonium</span> <span class='ocrx_word' id='word_1_182' title='bbox 1109 1099 1167 1136; x_wconf 75' lang='lat' dir='ltr'>hic</span> <span class='ocrx_word' id='word_1_183' title='bbox 1178 1103 1363 1139; x_wconf 88' lang='lat' dir='ltr'>nominari</span> <span class='ocrx_word' id='word_1_184' title='bbox 1378 1115 1499 1152; x_wconf 80' lang='lat' dir='ltr'>putes,</span> 
     </span>
     <span class='ocr_line' id='line_1_25' title="bbox 205 1151 1496 1204; baseline 0.004 -16"><span class='ocrx_word' id='word_1_185' title='bbox 205 1164 254 1190; x_wconf 86' lang='lat' dir='ltr'>an</span> <span class='ocrx_word' id='word_1_186' title='bbox 267 1152 418 1204; x_wconf 85' lang='lat' dir='ltr'>vulgare</span> <span class='ocrx_word' id='word_1_187' title='bbox 431 1179 440 1194; x_wconf 89' lang='lat'>‚</span> <span class='ocrx_word' id='word_1_188' title='bbox 451 1151 550 1202; x_wconf 84' lang='lat' dir='ltr'>quod</span> <span class='ocrx_word' id='word_1_189' title='bbox 564 1155 599 1189; x_wconf 84' lang='lat' dir='ltr'>iri</span> <span class='ocrx_word' id='word_1_190' title='bbox 613 1153 763 1202; x_wconf 87' lang='lat' dir='ltr'>priuatis</span> <span class='ocrx_word' id='word_1_191' title='bbox 778 1151 1007 1190; x_wconf 82' lang='lat' dir='ltr'>sermonibus</span> <span class='ocrx_word' id='word_1_192' title='bbox 1032 1151 1160 1190; x_wconf 88' lang='lat' dir='ltr'>fertur.</span> <span class='ocrx_word' id='word_1_193' title='bbox 1175 1156 1323 1204; x_wconf 85' lang='lat' dir='ltr'>Semper</span> <span class='ocrx_word' id='word_1_194' title='bbox 1335 1155 1434 1191; x_wconf 88' lang='lat' dir='ltr'>enim</span> <span class='ocrx_word' id='word_1_195' title='bbox 1448 1153 1496 1193; x_wconf 71' lang='grc' dir='ltr'>εὸ</span> 
     </span>
     <span class='ocr_line' id='line_1_26' title="bbox 205 1204 1494 1257; baseline 0.002 -16"><span class='ocrx_word' id='word_1_196' title='bbox 205 1204 467 1242; x_wconf 77' lang='lat' dir='ltr'>recurrendum</span> <span class='ocrx_word' id='word_1_197' title='bbox 488 1206 560 1244; x_wconf 82' lang='lat' dir='ltr'>est,</span> <span class='ocrx_word' id='word_1_198' title='bbox 575 1218 618 1242; x_wconf 87' lang='lat' dir='ltr'>ex</span> <span class='ocrx_word' id='word_1_199' title='bbox 631 1204 778 1255; x_wconf 77' lang='lat' dir='ltr'>lingulis</span> <span class='ocrx_word' id='word_1_200' title='bbox 802 1206 972 1241; x_wconf 84' lang='lat' dir='ltr'>vitiorum</span> <span class='ocrx_word' id='word_1_201' title='bbox 995 1205 1189 1257; x_wconf 84' lang='lat' dir='ltr'>generibus</span> <span class='ocrx_word' id='word_1_202' title='bbox 1209 1206 1369 1255; x_wconf 82' lang='lat' dir='ltr'>speciem</span> <span class='ocrx_word' id='word_1_203' title='bbox 1384 1218 1494 1244; x_wconf 84' lang='lat' dir='ltr'>vnam</span> 
     </span>
     <span class='ocr_line' id='line_1_27' title="bbox 205 1254 1492 1308; baseline 0.001 -14"><span class='ocrx_word' id='word_1_204' title='bbox 205 1256 468 1308; x_wconf 81' lang='lat' dir='ltr'>paradigmatis</span> <span class='ocrx_word' id='word_1_205' title='bbox 481 1256 565 1293; x_wconf 89' lang='lat' dir='ltr'>loco</span> <span class='ocrx_word' id='word_1_206' title='bbox 578 1259 760 1307; x_wconf 81' lang='lat' dir='ltr'>proponi,</span> <span class='ocrx_word' id='word_1_207' title='bbox 773 1255 818 1293; x_wconf 90' lang='lat' dir='ltr'>ad</span> <span class='ocrx_word' id='word_1_208' title='bbox 830 1269 937 1306; x_wconf 78' lang='lat' dir='ltr'>quam</span> <span class='ocrx_word' id='word_1_209' title='bbox 949 1269 1087 1294; x_wconf 81' lang='lat' dir='ltr'>caeterae</span> <span class='ocrx_word' id='word_1_210' title='bbox 1100 1254 1314 1294; x_wconf 84' lang='lat' dir='ltr'>referantur:</span> <span class='ocrx_word' id='word_1_211' title='bbox 1328 1269 1411 1295; x_wconf 89' lang='lat' dir='ltr'>eam</span> <span class='ocrx_word' id='word_1_212' title='bbox 1426 1271 1492 1295; x_wconf 87' lang='lat' dir='ltr'>au-</span> 
     </span>
     <span class='ocr_line' id='line_1_28' title="bbox 205 1306 1494 1359; baseline 0.001 -13"><span class='ocrx_word' id='word_1_213' title='bbox 205 1321 283 1346; x_wconf 84' lang='lat' dir='ltr'>tem</span> <span class='ocrx_word' id='word_1_214' title='bbox 297 1307 525 1359; x_wconf 85' lang='lat' dir='ltr'>potiffimurn</span> <span class='ocrx_word' id='word_1_215' title='bbox 540 1307 673 1359; x_wconf 82' lang='lat' dir='ltr'>deligi,</span> <span class='ocrx_word' id='word_1_216' title='bbox 687 1311 722 1345; x_wconf 89' lang='lat' dir='ltr'>in</span> <span class='ocrx_word' id='word_1_217' title='bbox 735 1321 805 1359; x_wconf 89' lang='lat' dir='ltr'>qua</span> <span class='ocrx_word' id='word_1_218' title='bbox 828 1309 907 1345; x_wconf 86' lang='lat' dir='ltr'>vitii</span> <span class='ocrx_word' id='word_1_219' title='bbox 931 1309 1120 1358; x_wconf 83' lang='lat' dir='ltr'>turpitudo</span> <span class='ocrx_word' id='word_1_220' title='bbox 1141 1306 1303 1346; x_wconf 67' lang='lat' dir='ltr'>maxime</span> <span class='ocrx_word' id='word_1_221' title='bbox 1320 1312 1494 1348; x_wconf 86' lang='lat' dir='ltr'>emineat.</span> 
     </span>
     <span class='ocr_line' id='line_1_29' title="bbox 206 1360 1499 1413; baseline 0.002 -16"><span class='ocrx_word' id='word_1_222' title='bbox 206 1362 435 1413; x_wconf 81' lang='lat' dir='ltr'>Qanquam</span> <span class='ocrx_word' id='word_1_223' title='bbox 448 1360 656 1413; x_wconf 81' lang='lat' dir='ltr'>generalius</span> <span class='ocrx_word' id='word_1_224' title='bbox 676 1361 874 1398; x_wconf 82' lang='lat' dir='ltr'>extendere</span> <span class='ocrx_word' id='word_1_225' title='bbox 895 1362 1068 1399; x_wconf 83' lang='lat' dir='ltr'>conuenit</span> <span class='ocrx_word' id='word_1_226' title='bbox 1092 1361 1138 1398; x_wconf 85' lang='lat' dir='ltr'>ad</span> <span class='ocrx_word' id='word_1_227' title='bbox 1150 1362 1348 1399; x_wconf 78' lang='lat' dir='ltr'>calumnias</span> <span class='ocrx_word' id='word_1_228' title='bbox 1365 1367 1396 1398; x_wconf 84' lang='lat'>&amp;</span> <span class='ocrx_word' id='word_1_229' title='bbox 1412 1362 1499 1399; x_wconf 84' lang='lat' dir='ltr'>fini-</span> 
     </span>
     <span class='ocr_line' id='line_1_30' title="bbox 204 1411 1490 1467; baseline 0.002 -17"><span class='ocrx_word' id='word_1_230' title='bbox 204 1412 745 1463; x_wconf 69' lang='lat' dir='ltr'>strasobtre&amp;ationes,quibus</span> <span class='ocrx_word' id='word_1_231' title='bbox 759 1412 885 1464; x_wconf 78' lang='lat' dir='ltr'>inique</span> <span class='ocrx_word' id='word_1_232' title='bbox 900 1416 1075 1467; x_wconf 73' lang='lat' dir='ltr'>grauitur</span> <span class='ocrx_word' id='word_1_233' title='bbox 1088 1415 1350 1464; x_wconf 76' lang='lat' dir='ltr'>proximi:qui&#39;a</span> <span class='ocrx_word' id='word_1_234' title='bbox 1362 1411 1490 1452; x_wconf 82' lang='lat' dir='ltr'>foren-</span> 
     </span>
     <span class='ocr_line' id='line_1_31' title="bbox 204 1464 1493 1516; baseline -0.001 -13"><span class='ocrx_word' id='word_1_235' title='bbox 204 1465 247 1503; x_wconf 84' lang='lat' dir='ltr'>fis</span> <span class='ocrx_word' id='word_1_236' title='bbox 270 1467 468 1504; x_wconf 86' lang='lat' dir='ltr'>testimonii</span> <span class='ocrx_word' id='word_1_237' title='bbox 493 1464 625 1503; x_wconf 84' lang='lat' dir='ltr'>falfitas</span> <span class='ocrx_word' id='word_1_238' title='bbox 648 1478 833 1514; x_wconf 76' lang='lat' dir='ltr'>nunquam</span> <span class='ocrx_word' id='word_1_239' title='bbox 855 1467 1015 1516; x_wconf 86' lang='lat' dir='ltr'>periurio</span> <span class='ocrx_word' id='word_1_240' title='bbox 1036 1467 1330 1503; x_wconf 86' lang='lat' dir='ltr'>carer.Periuriis</span> <span class='ocrx_word' id='word_1_241' title='bbox 1351 1478 1493 1510; x_wconf 73' lang='lat' dir='ltr'>autem,</span> 
     </span>
     <span class='ocr_line' id='line_1_32' title="bbox 205 1515 1495 1568; baseline 0.001 -13"><span class='ocrx_word' id='word_1_242' title='bbox 205 1531 386 1566; x_wconf 88' lang='lat' dir='ltr'>quatenus</span> <span class='ocrx_word' id='word_1_243' title='bbox 403 1520 472 1556; x_wconf 85' lang='lat' dir='ltr'>Dei</span> <span class='ocrx_word' id='word_1_244' title='bbox 484 1531 620 1555; x_wconf 86' lang='lat' dir='ltr'>nomen</span> <span class='ocrx_word' id='word_1_245' title='bbox 636 1515 833 1568; x_wconf 85' lang='lat' dir='ltr'>profanant</span> <span class='ocrx_word' id='word_1_246' title='bbox 846 1530 887 1553; x_wconf 90' lang='lat' dir='ltr'>ac</span> <span class='ocrx_word' id='word_1_247' title='bbox 898 1518 1039 1555; x_wconf 81' lang='lat' dir='ltr'>violant</span> <span class='ocrx_word' id='word_1_248' title='bbox 1052 1543 1061 1558; x_wconf 86' lang='lat'><strong>‚</strong></span> <span class='ocrx_word' id='word_1_249' title='bbox 1075 1519 1110 1554; x_wconf 88' lang='lat' dir='ltr'>in</span> <span class='ocrx_word' id='word_1_250' title='bbox 1123 1518 1296 1555; x_wconf 81' lang='lat' dir='ltr'>mandato</span> <span class='ocrx_word' id='word_1_251' title='bbox 1321 1520 1430 1555; x_wconf 82' lang='lat' dir='ltr'>terrio</span> <span class='ocrx_word' id='word_1_252' title='bbox 1441 1518 1495 1556; x_wconf 77' lang='lat' dir='ltr'>sa.-</span> 
     </span>
     <span class='ocr_line' id='line_1_33' title="bbox 200 1569 1489 1624; baseline 0 -16"><span class='ocrx_word' id='word_1_253' title='bbox 200 1573 250 1608; x_wconf 88' lang='lat' dir='ltr'>tis</span> <span class='ocrx_word' id='word_1_254' title='bbox 264 1571 314 1609; x_wconf 84' lang='lat' dir='ltr'>est</span> <span class='ocrx_word' id='word_1_255' title='bbox 326 1570 537 1608; x_wconf 85' lang='lat' dir='ltr'>obuiatum.</span> <span class='ocrx_word' id='word_1_256' title='bbox 550 1569 707 1607; x_wconf 83' lang='lat' dir='ltr'>Proinde</span> <span class='ocrx_word' id='word_1_257' title='bbox 722 1570 890 1624; x_wconf 75' lang='lat' dir='ltr'>legitima</span> <span class='ocrx_word' id='word_1_258' title='bbox 901 1571 1069 1620; x_wconf 82' lang='lat' dir='ltr'>praecepti</span> <span class='ocrx_word' id='word_1_259' title='bbox 1082 1569 1290 1607; x_wconf 78' lang='lat' dir='ltr'>obseruatio</span> <span class='ocrx_word' id='word_1_260' title='bbox 1300 1571 1405 1612; x_wconf 84' lang='lat' dir='ltr'>est,vt</span> <span class='ocrx_word' id='word_1_261' title='bbox 1416 1570 1489 1608; x_wconf 81' lang='lat' dir='ltr'>lin-</span> 
     </span>
     <span class='ocr_line' id='line_1_34' title="bbox 200 1618 1491 1675; baseline 0.001 -16"><span class='ocrx_word' id='word_1_262' title='bbox 200 1635 274 1675; x_wconf 86' lang='lat' dir='ltr'>gua</span> <span class='ocrx_word' id='word_1_263' title='bbox 286 1624 322 1658; x_wconf 89' lang='lat' dir='ltr'>in</span> <span class='ocrx_word' id='word_1_264' title='bbox 333 1618 518 1660; x_wconf 83' lang='lat' dir='ltr'>afferenda</span> <span class='ocrx_word' id='word_1_265' title='bbox 533 1626 683 1659; x_wconf 86' lang='lat' dir='ltr'>veritate</span> <span class='ocrx_word' id='word_1_266' title='bbox 697 1649 707 1664; x_wconf 79' lang='grc'>,</span> <span class='ocrx_word' id='word_1_267' title='bbox 719 1626 971 1671; x_wconf 73' lang='lat' dir='ltr'>proximorum</span> <span class='ocrx_word' id='word_1_268' title='bbox 984 1635 1063 1658; x_wconf 89' lang='lat' dir='ltr'>tum</span> <span class='ocrx_word' id='word_1_269' title='bbox 1077 1622 1184 1659; x_wconf 87' lang='lat' dir='ltr'>bonae</span> <span class='ocrx_word' id='word_1_270' title='bbox 1196 1621 1403 1664; x_wconf 86' lang='lat' dir='ltr'>famae,tuin</span> <span class='ocrx_word' id='word_1_271' title='bbox 1415 1624 1491 1660; x_wconf 84' lang='lat' dir='ltr'>vti-</span> 
     </span>
     <span class='ocr_line' id='line_1_35' title="bbox 200 1673 1493 1726; baseline 0 -14"><span class='ocrx_word' id='word_1_272' title='bbox 200 1674 367 1712; x_wconf 84' lang='lat' dir='ltr'>litatibus</span> <span class='ocrx_word' id='word_1_273' title='bbox 389 1673 529 1713; x_wconf 79' lang='lat' dir='ltr'>seruiat.</span> <span class='ocrx_word' id='word_1_274' title='bbox 551 1679 617 1723; x_wconf 68' lang='lat' dir='ltr'>AEq</span> <span class='ocrx_word' id='word_1_275' title='bbox 625 1678 717 1712; x_wconf 84' lang='lat' dir='ltr'>uitas</span> <span class='ocrx_word' id='word_1_276' title='bbox 740 1675 924 1724; x_wconf 81' lang='lat' dir='ltr'>plusquam</span> <span class='ocrx_word' id='word_1_277' title='bbox 948 1673 1135 1711; x_wconf 83' lang='lat' dir='ltr'>manifesta</span> <span class='ocrx_word' id='word_1_278' title='bbox 1157 1675 1219 1710; x_wconf 87' lang='lat' dir='ltr'>est.</span> <span class='ocrx_word' id='word_1_279' title='bbox 1240 1676 1340 1711; x_wconf 86' lang='lat' dir='ltr'>Nam</span> <span class='ocrx_word' id='word_1_280' title='bbox 1360 1674 1386 1711; x_wconf 84' lang='lat' dir='ltr'>fi</span> <span class='ocrx_word' id='word_1_281' title='bbox 1409 1675 1493 1726; x_wconf 88' lang='lat' dir='ltr'>qui-</span> 
     </span>
     <span class='ocr_line' id='line_1_36' title="bbox 198 1725 1490 1777; baseline 0 -13"><span class='ocrx_word' id='word_1_282' title='bbox 198 1725 359 1764; x_wconf 86' lang='lat' dir='ltr'>bussibet</span> <span class='ocrx_word' id='word_1_283' title='bbox 373 1727 545 1764; x_wconf 81' lang='lat' dir='ltr'>thesauris</span> <span class='ocrx_word' id='word_1_284' title='bbox 562 1727 754 1777; x_wconf 82' lang='lat' dir='ltr'>pretiofius</span> <span class='ocrx_word' id='word_1_285' title='bbox 772 1728 821 1763; x_wconf 79' lang='lat' dir='ltr'>est</span> <span class='ocrx_word' id='word_1_286' title='bbox 834 1740 972 1763; x_wconf 87' lang='lat' dir='ltr'>nomen</span> <span class='ocrx_word' id='word_1_287' title='bbox 984 1727 1139 1767; x_wconf 81' lang='lat' dir='ltr'>bonum.</span> <span class='ocrx_word' id='word_1_288' title='bbox 1156 1725 1272 1763; x_wconf 84' lang='lat' dir='ltr'>nihilo</span> <span class='ocrx_word' id='word_1_289' title='bbox 1287 1739 1428 1763; x_wconf 89' lang='lat' dir='ltr'>minore</span> <span class='ocrx_word' id='word_1_290' title='bbox 1439 1739 1490 1764; x_wconf 82' lang='lat' dir='ltr'>no</span> 
     </span>
     <span class='ocr_line' id='line_1_37' title="bbox 196 1776 1489 1832; baseline 0 -16"><span class='ocrx_word' id='word_1_291' title='bbox 196 1780 420 1822; x_wconf 55' lang='lat' dir='ltr'>”mominis</span> <span class='ocrx_word' id='word_1_292' title='bbox 433 1782 643 1832; x_wconf 86' lang='lat' dir='ltr'>integritate</span> <span class='ocrx_word' id='word_1_293' title='bbox 653 1776 761 1829; x_wconf 67' lang='lat' dir='ltr'>quam</span> <span class='ocrx_word' id='word_1_294' title='bbox 776 1779 931 1816; x_wconf 85' lang='lat' dir='ltr'>fortunis</span> <span class='ocrx_word' id='word_1_295' title='bbox 945 1779 1117 1829; x_wconf 81' lang='lat' dir='ltr'>spoliatur</span> <span class='ocrx_word' id='word_1_296' title='bbox 1130 1778 1299 1815; x_wconf 86' lang='lat' dir='ltr'>homo.1n</span> <span class='ocrx_word' id='word_1_297' title='bbox 1317 1778 1489 1828; x_wconf 86' lang='lat' dir='ltr'>diripien-</span> 
     </span>
     <span class='ocr_line' id='line_1_38' title="bbox 200 1829 1487 1875; baseline 0 -7"><span class='ocrx_word' id='word_1_298' title='bbox 200 1830 248 1868; x_wconf 87' lang='lat' dir='ltr'>da</span> <span class='ocrx_word' id='word_1_299' title='bbox 260 1844 387 1869; x_wconf 87' lang='lat' dir='ltr'>autem</span> <span class='ocrx_word' id='word_1_300' title='bbox 405 1835 481 1870; x_wconf 88' lang='lat' dir='ltr'>eius</span> <span class='ocrx_word' id='word_1_301' title='bbox 499 1832 696 1869; x_wconf 77' lang='lat' dir='ltr'>iubstantia</span> <span class='ocrx_word' id='word_1_302' title='bbox 710 1859 720 1873; x_wconf 84' lang='lat'>,</span> <span class='ocrx_word' id='word_1_303' title='bbox 735 1845 808 1868; x_wconf 90' lang='lat' dir='ltr'>non</span> <span class='ocrx_word' id='word_1_304' title='bbox 824 1832 941 1868; x_wconf 82' lang='lat' dir='ltr'>minus</span> <span class='ocrx_word' id='word_1_305' title='bbox 954 1831 1143 1869; x_wconf 87' lang='lat' dir='ltr'>interdum</span> <span class='ocrx_word' id='word_1_306' title='bbox 1156 1829 1250 1868; x_wconf 76' lang='lat' dir='ltr'>falso</span> <span class='ocrx_word' id='word_1_307' title='bbox 1262 1830 1487 1875; x_wconf 80' lang='lat' dir='ltr'>testimonio,</span> 
     </span>
     <span class='ocr_line' id='line_1_39' title="bbox 198 1881 930 1934; baseline -0.001 -14"><span class='ocrx_word' id='word_1_308' title='bbox 198 1881 310 1934; x_wconf 71' lang='lat' dir='ltr'>quam</span> <span class='ocrx_word' id='word_1_309' title='bbox 322 1896 502 1922; x_wconf 86' lang='lat' dir='ltr'>manuum</span> <span class='ocrx_word' id='word_1_310' title='bbox 518 1887 716 1934; x_wconf 76' lang='lat' dir='ltr'>rapacitate</span> <span class='ocrx_word' id='word_1_311' title='bbox 730 1881 930 1933; x_wconf 85' lang='lat' dir='ltr'>proficitur.</span> 
     </span>
    </p>

    <p class='ocr_par' dir='ltr' id='par_1_6' title="bbox 188 1930 1489 2457">
     <span class='ocr_line' id='line_1_40' title="bbox 257 1930 1487 1986; baseline 0.002 -15"><span class='ocrx_word' id='word_1_312' title='bbox 257 1940 302 1981; x_wconf 82' lang='lat'>48</span> <span class='ocrx_word' id='word_1_313' title='bbox 357 1938 401 1973; x_wconf 86' lang='lat' dir='ltr'>Et</span> <span class='ocrx_word' id='word_1_314' title='bbox 416 1945 537 1974; x_wconf 85' lang='lat' dir='ltr'>tamen</span> <span class='ocrx_word' id='word_1_315' title='bbox 553 1938 689 1973; x_wconf 83' lang='lat' dir='ltr'>mirum</span> <span class='ocrx_word' id='word_1_316' title='bbox 703 1937 752 1973; x_wconf 88' lang='lat' dir='ltr'>est</span> <span class='ocrx_word' id='word_1_317' title='bbox 763 1936 872 1986; x_wconf 64' lang='lat' dir='ltr'>quam</span> <span class='ocrx_word' id='word_1_318' title='bbox 888 1935 1011 1986; x_wconf 85' lang='lat' dir='ltr'>supina</span> <span class='ocrx_word' id='word_1_319' title='bbox 1026 1933 1217 1973; x_wconf 81' lang='lat' dir='ltr'>securitate</span> <span class='ocrx_word' id='word_1_320' title='bbox 1231 1930 1357 1984; x_wconf 83' lang='lat' dir='ltr'>paffim</span> <span class='ocrx_word' id='word_1_321' title='bbox 1371 1935 1407 1972; x_wconf 90' lang='lat' dir='ltr'>in</span> <span class='ocrx_word' id='word_1_322' title='bbox 1419 1934 1487 1974; x_wconf 87' lang='lat' dir='ltr'>hac</span> 
     </span>
     <span class='ocr_line' id='line_1_41' title="bbox 198 1985 1489 2038; baseline 0.002 -14"><span class='ocrx_word' id='word_1_323' title='bbox 198 2000 241 2024; x_wconf 86' lang='lat' dir='ltr'>re</span> <span class='ocrx_word' id='word_1_324' title='bbox 253 2000 434 2037; x_wconf 85' lang='lat' dir='ltr'>peccetur,</span> <span class='ocrx_word' id='word_1_325' title='bbox 453 2001 488 2026; x_wconf 89' lang='lat' dir='ltr'>vt</span> <span class='ocrx_word' id='word_1_326' title='bbox 502 1985 672 2026; x_wconf 81' lang='lat' dir='ltr'>rariffiiiii</span> <span class='ocrx_word' id='word_1_327' title='bbox 687 2000 917 2038; x_wconf 68' lang='lat' dir='ltr'>reperiantur</span> <span class='ocrx_word' id='word_1_328' title='bbox 928 1990 988 2038; x_wconf 90' lang='lat' dir='ltr'>qui</span> <span class='ocrx_word' id='word_1_329' title='bbox 1001 2001 1073 2024; x_wconf 86' lang='lat' dir='ltr'>non</span> <span class='ocrx_word' id='word_1_330' title='bbox 1088 1986 1159 2024; x_wconf 90' lang='lat' dir='ltr'>hoc</span> <span class='ocrx_word' id='word_1_331' title='bbox 1169 1987 1303 2023; x_wconf 83' lang='lat' dir='ltr'>morbo</span> <span class='ocrx_word' id='word_1_332' title='bbox 1316 1989 1489 2026; x_wconf 84' lang='lat' dir='ltr'>notabili-</span> 
     </span>
     <span class='ocr_line' id='line_1_42' title="bbox 196 2038 1483 2089; baseline -0.004 -11"><span class='ocrx_word' id='word_1_333' title='bbox 196 2051 253 2078; x_wconf 85' lang='lat' dir='ltr'>ter</span> <span class='ocrx_word' id='word_1_334' title='bbox 264 2040 433 2077; x_wconf 79' lang='lat' dir='ltr'>laborent</span> <span class='ocrx_word' id='word_1_335' title='bbox 449 2040 565 2078; x_wconf 83' lang='lat' dir='ltr'>:adeo</span> <span class='ocrx_word' id='word_1_336' title='bbox 581 2053 754 2077; x_wconf 84' lang='lat' dir='ltr'>venenata</span> <span class='ocrx_word' id='word_1_337' title='bbox 771 2041 923 2089; x_wconf 83' lang='lat' dir='ltr'>quadani</span> <span class='ocrx_word' id='word_1_338' title='bbox 939 2039 1133 2076; x_wconf 85' lang='lat' dir='ltr'>dulcedine</span> <span class='ocrx_word' id='word_1_339' title='bbox 1151 2038 1384 2076; x_wconf 66' lang='lat' dir='ltr'>obleetamur</span> <span class='ocrx_word' id='word_1_340' title='bbox 1397 2042 1432 2077; x_wconf 89' lang='lat' dir='ltr'>in</span> <span class='ocrx_word' id='word_1_341' title='bbox 1444 2053 1483 2078; x_wconf 76' lang='lat' dir='ltr'>a.</span> 
     </span>
     <span class='ocr_line' id='line_1_43' title="bbox 192 2090 1485 2141; baseline 0.001 -12"><span class='ocrx_word' id='word_1_342' title='bbox 192 2090 299 2129; x_wconf 90' lang='lat' dir='ltr'>lienis</span> <span class='ocrx_word' id='word_1_343' title='bbox 314 2092 418 2129; x_wconf 80' lang='lat' dir='ltr'>malis</span> <span class='ocrx_word' id='word_1_344' title='bbox 432 2106 509 2130; x_wconf 79' lang='lat' dir='ltr'>tuni</span> <span class='ocrx_word' id='word_1_345' title='bbox 533 2094 753 2140; x_wconf 79' lang='lat' dir='ltr'>inquirendis</span> <span class='ocrx_word' id='word_1_346' title='bbox 771 2120 779 2136; x_wconf 93' lang='lat'><em>,</em></span> <span class='ocrx_word' id='word_1_347' title='bbox 796 2105 873 2130; x_wconf 86' lang='lat' dir='ltr'>tum</span> <span class='ocrx_word' id='word_1_348' title='bbox 886 2092 1111 2141; x_wconf 80' lang='lat' dir='ltr'>detegendis.</span> <span class='ocrx_word' id='word_1_349' title='bbox 1126 2093 1206 2128; x_wconf 88' lang='lat' dir='ltr'>Nec</span> <span class='ocrx_word' id='word_1_350' title='bbox 1219 2103 1390 2141; x_wconf 88' lang='lat' dir='ltr'>putemus</span> <span class='ocrx_word' id='word_1_351' title='bbox 1402 2091 1485 2130; x_wconf 86' lang='lat' dir='ltr'>ido·</span> 
     </span>
     <span class='ocr_line' id='line_1_44' title="bbox 191 2142 1480 2195; baseline 0.001 -14"><span class='ocrx_word' id='word_1_352' title='bbox 191 2156 303 2182; x_wconf 83' lang='lat' dir='ltr'>neam</span> <span class='ocrx_word' id='word_1_353' title='bbox 317 2142 389 2181; x_wconf 74' lang='lat' dir='ltr'>esl&#39;e</span> <span class='ocrx_word' id='word_1_354' title='bbox 399 2143 673 2182; x_wconf 81' lang='lat' dir='ltr'>excusationem</span> <span class='ocrx_word' id='word_1_355' title='bbox 689 2145 711 2181; x_wconf 79' lang='lat' dir='ltr'>ii</span> <span class='ocrx_word' id='word_1_356' title='bbox 728 2146 975 2195; x_wconf 58' lang='lat' dir='ltr'>saepenumero</span> <span class='ocrx_word' id='word_1_357' title='bbox 990 2157 1064 2181; x_wconf 89' lang='lat' dir='ltr'>non</span> <span class='ocrx_word' id='word_1_358' title='bbox 1079 2145 1290 2180; x_wconf 85' lang='lat' dir='ltr'>mentimur.</span> <span class='ocrx_word' id='word_1_359' title='bbox 1303 2145 1401 2182; x_wconf 86' lang='lat' dir='ltr'>Nam</span> <span class='ocrx_word' id='word_1_360' title='bbox 1413 2145 1480 2195; x_wconf 85' lang='lat' dir='ltr'>qui</span> 
     </span>
     <span class='ocr_line' id='line_1_45' title="bbox 191 2195 1482 2247; baseline 0.002 -14"><span class='ocrx_word' id='word_1_361' title='bbox 191 2195 367 2247; x_wconf 85' lang='lat' dir='ltr'>prohibet</span> <span class='ocrx_word' id='word_1_362' title='bbox 380 2197 571 2234; x_wconf 84' lang='lat' dir='ltr'>mendacio</span> <span class='ocrx_word' id='word_1_363' title='bbox 589 2195 712 2234; x_wconf 81' lang='lat' dir='ltr'>fratris</span> <span class='ocrx_word' id='word_1_364' title='bbox 725 2210 860 2234; x_wconf 89' lang='lat' dir='ltr'>nomen</span> <span class='ocrx_word' id='word_1_365' title='bbox 878 2195 1154 2245; x_wconf 85' lang='lat' dir='ltr'>deturpari,vulr</span> <span class='ocrx_word' id='word_1_366' title='bbox 1165 2196 1275 2233; x_wconf 86' lang='lat' dir='ltr'>etiam</span> <span class='ocrx_word' id='word_1_367' title='bbox 1293 2196 1482 2235; x_wconf 88' lang='lat' dir='ltr'>illibatum</span> 
     </span>
     <span class='ocr_line' id='line_1_46' title="bbox 191 2247 1479 2300; baseline 0.003 -16"><span class='ocrx_word' id='word_1_368' title='bbox 191 2248 423 2290; x_wconf 79' lang='lat' dir='ltr'>conseruari,</span> <span class='ocrx_word' id='word_1_369' title='bbox 438 2262 613 2300; x_wconf 80' lang='lat' dir='ltr'>quantuni</span> <span class='ocrx_word' id='word_1_370' title='bbox 627 2263 692 2300; x_wconf 87' lang='lat' dir='ltr'>per</span> <span class='ocrx_word' id='word_1_371' title='bbox 707 2254 905 2285; x_wconf 82' lang='lat' dir='ltr'>veritatem</span> <span class='ocrx_word' id='word_1_372' title='bbox 921 2247 1019 2285; x_wconf 92' lang='lat' dir='ltr'>licet.</span> <span class='ocrx_word' id='word_1_373' title='bbox 1032 2248 1221 2298; x_wconf 83' lang='lat' dir='ltr'>Siquidem</span> <span class='ocrx_word' id='word_1_374' title='bbox 1234 2260 1414 2298; x_wconf 83' lang='lat' dir='ltr'>vrcunque</span> <span class='ocrx_word' id='word_1_375' title='bbox 1425 2249 1479 2288; x_wconf 80' lang='lat' dir='ltr'>illi</span> 
     </span>
     <span class='ocr_line' id='line_1_47' title="bbox 188 2299 1478 2351; baseline 0.001 -13"><span class='ocrx_word' id='word_1_376' title='bbox 188 2299 358 2339; x_wconf 82' lang='lat' dir='ltr'>aduersus</span> <span class='ocrx_word' id='word_1_377' title='bbox 378 2302 614 2339; x_wconf 85' lang='lat' dir='ltr'>mendacium</span> <span class='ocrx_word' id='word_1_378' title='bbox 642 2299 783 2338; x_wconf 70' lang='lat' dir='ltr'>tantuin</span> <span class='ocrx_word' id='word_1_379' title='bbox 798 2313 929 2338; x_wconf 85' lang='lat' dir='ltr'>caueat</span> <span class='ocrx_word' id='word_1_380' title='bbox 942 2315 951 2338; x_wconf 72' lang='grc' dir='ltr'><strong><em>ε</em></strong></span> <span class='ocrx_word' id='word_1_381' title='bbox 965 2304 1096 2351; x_wconf 83' lang='lat' dir='ltr'>eoiplo</span> <span class='ocrx_word' id='word_1_382' title='bbox 1109 2313 1233 2338; x_wconf 86' lang='lat' dir='ltr'>tamen</span> <span class='ocrx_word' id='word_1_383' title='bbox 1252 2301 1393 2342; x_wconf 85' lang='lat' dir='ltr'>innuit,</span> <span class='ocrx_word' id='word_1_384' title='bbox 1411 2301 1478 2339; x_wconf 87' lang='lat' dir='ltr'>sibi</span> 
     </span>
     <span class='ocr_line' id='line_1_48' title="bbox 190 2349 1477 2402; baseline 0.002 -13"><span class='ocrx_word' id='word_1_385' title='bbox 190 2349 263 2390; x_wconf 83' lang='lat' dir='ltr'>effe</span> <span class='ocrx_word' id='word_1_386' title='bbox 286 2354 599 2391; x_wconf 82' lang='lat' dir='ltr'>commendatum.</span> <span class='ocrx_word' id='word_1_387' title='bbox 627 2357 739 2402; x_wconf 86' lang='lat' dir='ltr'>Atqui</span> <span class='ocrx_word' id='word_1_388' title='bbox 762 2353 797 2390; x_wconf 88' lang='lat' dir='ltr'>id</span> <span class='ocrx_word' id='word_1_389' title='bbox 821 2353 930 2390; x_wconf 88' lang='lat' dir='ltr'>nobis</span> <span class='ocrx_word' id='word_1_390' title='bbox 955 2351 1116 2390; x_wconf 69' lang='lat' dir='ltr'>sufficere</span> <span class='ocrx_word' id='word_1_391' title='bbox 1138 2352 1249 2389; x_wconf 84' lang='lat' dir='ltr'>deber</span> <span class='ocrx_word' id='word_1_392' title='bbox 1270 2352 1314 2389; x_wconf 83' lang='lat' dir='ltr'>ad</span> <span class='ocrx_word' id='word_1_393' title='bbox 1334 2351 1477 2392; x_wconf 82' lang='lat' dir='ltr'>famam</span> 
     </span>
     <span class='ocr_line' id='line_1_49' title="bbox 188 2403 1480 2457; baseline 0 -16"><span class='ocrx_word' id='word_1_394' title='bbox 188 2408 362 2455; x_wconf 82' lang='lat' dir='ltr'>proximo</span> <span class='ocrx_word' id='word_1_395' title='bbox 376 2406 509 2444; x_wconf 86' lang='lat' dir='ltr'>saluam</span> <span class='ocrx_word' id='word_1_396' title='bbox 534 2405 821 2447; x_wconf 81' lang='lat' dir='ltr'>custodiendam,</span> <span class='ocrx_word' id='word_1_397' title='bbox 834 2409 917 2443; x_wconf 83' lang='lat' dir='ltr'>Deo</span> <span class='ocrx_word' id='word_1_398' title='bbox 931 2419 1009 2442; x_wconf 83' lang='lat' dir='ltr'>eam</span> <span class='ocrx_word' id='word_1_399' title='bbox 1024 2419 1115 2443; x_wconf 85' lang='lat' dir='ltr'>curae</span> <span class='ocrx_word' id='word_1_400' title='bbox 1128 2403 1211 2442; x_wconf 78' lang='lat' dir='ltr'>effe.</span> <span class='ocrx_word' id='word_1_401' title='bbox 1229 2405 1359 2457; x_wconf 84' lang='lat' dir='ltr'>Qare</span> <span class='ocrx_word' id='word_1_402' title='bbox 1370 2405 1480 2442; x_wconf 83' lang='lat' dir='ltr'>dam-</span> 
     </span>
    </p>
   </div>
   <div class='ocr_carea' id='block_1_6' title="bbox 186 2457 1478 2556">
    <p class='ocr_par' dir='ltr' id='par_1_7' title="bbox 186 2457 1478 2556">
     <span class='ocr_line' id='line_1_50' title="bbox 186 2457 1478 2509; baseline -0.002 -13"><span class='ocrx_word' id='word_1_403' title='bbox 186 2469 292 2496; x_wconf 76' lang='lat' dir='ltr'>natur</span> <span class='ocrx_word' id='word_1_404' title='bbox 301 2458 548 2509; x_wconf 85' lang='lat' dir='ltr'>proculdubio</span> <span class='ocrx_word' id='word_1_405' title='bbox 558 2460 596 2497; x_wconf 88' lang='lat' dir='ltr'>in</span> <span class='ocrx_word' id='word_1_406' title='bbox 608 2457 817 2500; x_wconf 73' lang='lat' dir='ltr'>vniueriurn</span> <span class='ocrx_word' id='word_1_407' title='bbox 840 2459 1109 2498; x_wconf 84' lang='lat' dir='ltr'>maledicentia.</span> <span class='ocrx_word' id='word_1_408' title='bbox 1123 2457 1239 2498; x_wconf 78' lang='lat' dir='ltr'>Porro</span> <span class='ocrx_word' id='word_1_409' title='bbox 1252 2458 1478 2496; x_wconf 80' lang='lat' dir='ltr'>maledicen-</span> 
     </span>
     <span class='ocr_line' id='line_1_51' title="bbox 1383 2521 1473 2556; baseline 0.011 -9"><span class='ocrx_word' id='word_1_410' title='bbox 1383 2521 1473 2556; x_wconf 68' lang='lat' dir='ltr'>tiam</span> 
     </span>
    </p>
   </div>
  </div>
 </body>
</html>
