1591 2775
871 0 890 14 δ

463 38 496 77 C
518 41 549 75 A
575 41 601 78 P
619 40 653 77 V
675 39 711 76 T
765 41 782 74 1
802 40 830 76 1.
853 47 857 52 ’
1262 34 1315 87 ιςί-

21 100 203 155 {equitatis
215 98 288 141 hon
304 102 459 142 dirimat.
477 103 650 154 liquidem
667 102 712 140 de
725 101 854 161 legum
869 99 1050 152 capitibus
1065 100 1156 140 dum
1167 100 1262 139 inter
1273 104 1311 139 se
1329 138 1333 142 .

22 157 221 206 disceptant
232 155 415 199 homines,
429 158 464 193 in
476 154 653 207 quandam
669 156 846 204 aequitatis
861 153 1041 191 summam
1063 154 1310 192 consentiunt.

24 212 67 246 In
81 222 155 260 quo
168 207 336 246 debilitas
348 205 622 249 certehuinanae
635 209 768 258 mentis
779 207 945 256 arguitur
956 233 966 249 ‚
980 219 1060 256 quae
1072 233 1081 249 ,
1094 207 1206 243 etiam
1220 206 1310 244 dum

25 262 119 298 viam
136 259 233 310 sequi
246 260 581 302 videtui-‚claudicat
596 263 630 296 «Sc
641 258 932 296 vacillatManet
944 270 979 296 ta
987 260 1045 296 me
1056 258 1158 299 illud,
1174 258 1311 308 insper-

21 311 101 350 sum
114 308 187 350 effe
202 313 369 351 vniuerfis
386 311 507 350 semen
517 309 667 361 aliquod
682 309 821 347 ordinis
834 310 986 360 politici.
999 313 1123 360 Atque
1143 309 1216 347 hoc
1228 322 1308 346 am-

22 365 126 416 plum
141 377 402 417 argumentum
413 366 475 408 est,
488 368 525 402 in
538 362 641 401 huius
661 364 743 400 vitae
754 365 1025 406 constitutione,
1045 361 1188 402 nullum
1201 361 1311 401 desti-

24 420 79 455 tui
93 417 174 455 luce
185 418 336 454 rationis
354 416 558 454 hominem.
603 452 605 454 .
1005 452 1007 454 .
1115 442 1116 445 =

75 481 115 515 14
168 472 373 518 Sequuntur
383 482 479 507 artes
491 481 570 505 tum
583 466 852 508 liberales‚tum
870 468 1066 505 manuariae
1078 494 1087 511 ‚
1102 466 1234 519 quibus
1247 465 1310 504 di·

22 519 260 570 scendis,quia
270 522 359 558 inest
372 521 543 558 omnibus
558 520 662 557 nobis
674 519 839 571 quaedam
864 519 1033 570 aptitudo
1047 547 1057 563 ,
1071 522 1108 556 in
1132 523 1181 557 eis
1195 521 1309 557 etiam

20 585 171 623 apparet
184 575 232 609 vis
248 573 394 611 humani
408 575 597 611 acuminis.
613 573 840 624 Qanquam
853 584 972 610 autern
986 585 1060 609 non
1085 572 1164 610 sunt
1176 582 1310 609 omnes

23 624 198 662 omnibus
211 624 387 663 discendis
399 625 523 663 idonei
536 653 545 667 ‚
565 625 645 663 satis
671 637 743 662 tam
751 637 795 662 en
820 627 1027 662 communis
1049 626 1204 675 energiae
1227 636 1307 661 cet-

21 688 101 715 tum
117 676 300 727 specimen
313 675 478 728 est‚quod
490 691 603 715 nemo
615 673 725 727 prope
740 678 920 726 reperitur
933 681 1032 714 cuius
1045 679 1079 713 in
1092 674 1306 726 arte‘aliqua

20 729 277 780 perspicientia
292 744 362 767 non
377 732 413 768 se
425 742 560 768 exerat.
574 732 672 779 Neq;
685 729 760 766 sola
775 729 930 779 suppetit
943 728 988 766 ad
1000 728 1203 767 discendum
1217 741 1307 766 enei·

21 783 82 831 gia
96 786 128 818 ὅ(
143 778 295 819 facilitas
310 809 319 825 ,
339 781 395 820 sed
407 783 449 819 ad
461 781 745 837 excogitandum
768 783 804 818 in
828 794 1043 832 vnaquaque
1062 793 1140 820 arte
1159 793 1306 818 nouum

23 833 162 881 aliquid
174 859 184 876 ,
198 834 252 870 vel
275 834 572 885 amplificandum
588 839 621 872 &
647 833 908 884 expoliendum
923 833 1024 884 quod
1035 833 1108 870 alio
1122 845 1306 884 praeeunte

21 884 204 923 didiceris.
217 886 337 938 Qod
350 899 384 924 vt
399 887 590 924 Platonem
604 899 795 936 perperam
808 885 954 935 impulit
970 898 1006 922 vt
1022 885 1180 923 traderet
1197 898 1307 922 com-

24 937 304 989 prehenfionem
317 938 494 976 eiusmodi
507 938 597 975 nihil
623 936 694 975 ess‘e
714 936 825 987 quam
840 936 1160 975 recordationem:
1175 940 1223 975 ita
1236 951 1305 974 nos

29 991 173 1040 optima
193 993 337 1028 ratione
351 993 450 1043 cogit
461 987 657 1031 fateri,effe
669 992 874 1043 ingenitum
891 989 1053 1026 humano
1066 992 1213 1041 ingenio
1226 992 1305 1027 eius
1332 1000 1336 1002 “

22 1043 254 1093 principium.
269 1043 357 1080 Haec
369 1056 458 1094 ergo
471 1041 691 1079 documenta
710 1038 833 1090 aperte
855 1041 1034 1078 testantur
1057 1042 1305 1079 vniuersalein

23 1097 175 1131 rationis
192 1099 224 1131 δε
239 1095 490 1147 intelligentiae
500 1092 870 1144 comprehensionem
885 1090 957 1129 effe
968 1092 1178 1130 hominibus
1194 1106 1304 1131 natu..

23 1147 147 1184 taliter
159 1147 323 1184 inditam.
348 1149 404 1183 Sic
417 1159 540 1183 tamen
560 1144 761 1183 vniuersale
785 1145 834 1181 est
849 1145 988 1182 bonum
1002 1172 1012 1187 ,
1032 1158 1069 1182 vt
1081 1147 1116 1182 in
1132 1158 1176 1182 eo
1189 1159 1255 1196 pro
1269 1146 1308 1183 se

25 1198 176 1249 quisque
187 1198 403 1248 peculiarem
417 1201 487 1235 Dei
501 1200 654 1252 gratiam
668 1196 865 1250 agnoscere
879 1196 1083 1235 debeat.Ad
1097 1211 1207 1248 quam
1221 1211 1306 1248 graa-
1358 1195 1368 1205 ”

24 1249 217 1288 titudinem
231 1264 297 1287 nos
309 1248 452 1289 abunde
478 1248 726 1302 expergefacit
748 1249 822 1299 ipse
848 1262 982 1287 naturae
1004 1250 1201 1293 conditor,
1217 1251 1306 1287 dum

22 1303 211 1341 moriones
220 1304 372 1343 creat‚in
384 1302 513 1353 quibus
527 1302 759 1353 repraesentat
771 1301 899 1354 quibus
914 1302 1071 1339 excellat
1089 1302 1236 1340 dotibus
1248 1301 1302 1339 ho

24 1356 134 1393 minis
145 1356 265 1391 anima
280 1382 289 1398 ‚
302 1355 366 1392 nifi
379 1369 456 1393 eius
469 1355 606 1392 lumine
620 1353 762 1405 perfusa
777 1369 784 1392 ;
799 1353 900 1403 quod
924 1354 970 1391 fic
982 1355 1144 1394 naturale
1155 1355 1244 1392 inest
1256 1368 1300 1391 o·-

24 1405 170 1444 mnibus
184 1434 193 1450 ‚
211 1419 248 1444 vt
262 1407 404 1458 prorsus
415 1410 617 1458 gratuitum
630 1406 672 1444 fit
683 1419 771 1459 erga
782 1406 942 1460 fingulos
953 1405 1205 1444 beneficentiae
1219 1408 1298 1445 eius

29 1472 176 1496 munus.
189 1461 349 1510 Ipsarum
365 1459 478 1511 porro
491 1461 625 1497 artium
640 1461 805 1496 inuentio
827 1471 890 1496 aut
913 1458 1122 1496 methodica
1138 1459 1300 1501 traditio,

26 1523 90 1548 aut
103 1513 255 1549 interior
271 1517 300 1548 ὅ(
318 1513 542 1563 praestanti'or
553 1513 722 1565 cognitio
736 1514 750 1560 (
764 1523 843 1561 quae
859 1524 1002 1562 propria
1014 1514 1063 1548 est
1084 1512 1303 1561 paucorum)

26 1577 101 1599 non
114 1565 163 1600 est
175 1563 319 1613 quidem
332 1563 487 1602 solidum
503 1576 759 1618 argumentum
772 1566 977 1601 communis
988 1561 1308 1614 perspicaciezquia

28 1626 149 1652 tamen
164 1614 365 1666 prorniscue
381 1618 560 1671 contingit
572 1618 640 1668 piis
656 1620 689 1654 &
705 1617 839 1667 impiis,
851 1618 928 1654 inre
939 1619 1036 1654 inter
1046 1618 1223 1655 naturales
1235 1617 1306 1665 do-v

27 1678 81 1705 tes
95 1680 315 1706 numeratur.
915 1683 918 1687 ·

79 1731 111 1767 15
163 1720 328 1772 Qoties
342 1734 430 1774 ergo
442 1721 476 1758 in
489 1719 698 1771 prophanas
710 1722 900 1773 scriptores
913 1720 1118 1764 incidimus,
1136 1719 1211 1761 illa,
1226 1730 1308 1770 quas

29 1771 249 1810 admirabilis
265 1774 355 1809 iniis
376 1771 529 1826 affulget
546 1800 555 1815 ,
570 1775 725 1811 veritatis
747 1774 828 1811 luce
848 1775 1309 1816 admoneamur‚mentem

29 1824 192 1861 hominis
209 1852 218 1867 ,
232 1826 505 1874 quantumlibet
517 1825 791 1877 abintegritate
805 1828 863 1863 sua
886 1825 1083 1876 collapsam
1111 1831 1143 1862 δι’
1160 1835 1310 1876 periret:

31 1877 103 1915 sam
123 1903 132 1918 ,
147 1878 287 1913 eximiis
300 1891 417 1914 tamen
431 1880 629 1916 etiamnum
642 1880 710 1915 Dei
726 1878 828 1916 donis
843 1879 1006 1916 vestitam
1024 1874 1093 1918 effe
1109 1882 1141 1915 ὃς
1156 1888 1310 1914 exorna-

31 1941 120 1968 tam.
139 1931 171 1965 Si
188 1932 331 1966 vnicum
347 1932 505 1967 veritatis
520 1927 751 1972 fontem,Dei
765 1932 934 1981 Spiritum
948 1924 1017 1966 effe
1033 1941 1310 1980 reputamus‚ve

30 1983 172 2022 ritatem
188 1982 301 2030 ipsam
314 1994 432 2033 neque
445 1981 653 2032 respuemus
666 2010 676 2024 ,
690 1996 805 2034 neque
834 1994 1113 2020 contemnemus
1127 2008 1136 2025 ‚
1152 1981 1311 2019 vbicun⁴

33 2045 103 2084 que
124 2036 313 2084 apparebit
327 2048 335 2070 z
349 2035 413 2071 nifi
435 2035 636 2072 velimusin
659 2037 826 2089 Spiritum
846 2035 916 2072 Dei
937 2034 1195 2072 contumeliofi
1217 2028 1306 2071 esse:

33 2098 106 2126 non
133 2087 238 2127 enim,
252 2085 347 2122 dona
372 2089 519 2136 Spiritus
543 2113 552 2128 ,
573 2086 645 2124 fine
666 2088 771 2138 ipfius
794 2099 1011 2137 contemptu
1035 2092 1068 2125 δε
1090 2086 1308 2137 opprobrio,

34 2136 311 2188 vilipendantur.
334 2138 443 2190 Qid
462 2149 613 2177 autem?
630 2143 831 2178 Veritatem
846 2136 1015 2177 affulfisse
1039 2141 1197 2189 antiquis
1215 2151 1311 2175 iure,

35 2187 209 2227 consultis
232 2191 445 2243 negabimus
466 2218 475 2234 ,
505 2193 565 2240 qui
592 2203 692 2229 tanta
713 2195 884 2244 aequitate
907 2191 1054 2228 ciuilem
1079 2192 1246 2228 ordinem
1271 2194 1308 2227 ὅ(

36 2239 255 2292 disciplinam
269 2242 500 2292 prodiderunt
517 2252 527 2280 ?
546 2243 788 2296 Philosophos
811 2239 991 2293 cecutiiffe
1005 2244 1164 2280 dicemus
1179 2240 1315 2281 cumin

34 2294 281 2343 exquifitaista
295 2306 431 2332 naturae
453 2297 778 2347 contemplatione,
798 2309 875 2334 tum
890 2293 1081 2335 artificiosa
1097 2296 1312 2345 deleriptio·

41 2353 98 2381 ue?
114 2348 285 2384 Dicemus
297 2360 459 2385 mentem
474 2348 542 2384 iliis
556 2347 717 2390 defuisse,
728 2351 787 2401 qui
802 2362 878 2391 arte
893 2345 1086 2386 disserendi
1101 2350 1315 2390 constitura,v

39 2409 105 2433 nos
117 2409 195 2434 cum
209 2401 350 2448 ratione
365 2401 462 2450 loqui
475 2400 666 2438 docuerut?
681 2404 855 2438 Dicemus
870 2414 932 2438 eos
948 2399 1125 2438 insaniisse
1137 2427 1147 2443 ,
1159 2403 1216 2447 qui
1233 2412 1315 2436 me-

38 2447 191 2486 dicinam
213 2452 425 2497 excudendo
439 2478 448 2495 ‚
464 2453 559 2493 suam
578 2452 786 2499 industriam
798 2457 904 2490 nobis
925 2450 1197 2506 impenderunt?
1210 2449 1315 2501 Qd

1047 2503 1149 2543 kmi.
