1591 2775
394 27 649 66 ear-›vr-
704 24 936 68 xxui.
1269 31 1341 76 ως

53 110 309 140 commentum
321 97 522 148 ingerimus
534 94 708 133 absolutae
723 92 1018 148 potentiae:qqod
1029 90 1341 146 ficutiprofanum

54 155 107 193 e'st
119 180 129 196 ,
144 155 195 191 it'a
208 149 339 190 merito
351 148 566 187 detestabile
579 150 685 184 nobis
699 144 769 185 esse
779 147 901 185 debet.
922 146 1011 184 Non
1024 145 1198 200 fingimus
1212 150 1339 186 Deum

54 205 300 257 exlegem,qui
314 202 442 252 sibiipfi
457 203 514 238 lex
528 200 736 250 est:quia(vt
747 201 797 236 ait
811 199 1023 251 Plato)lege
1034 201 1204 254 indigent
1216 198 1343 237 homi-

53 268 117 296 nes
130 259 192 309 qui
217 254 471 306 cupiditatibus
495 253 668 289 laborant
682 266 690 288 :
702 254 771 290 Dei
783 264 908 289 autem
930 254 1099 290 voluntas
1122 265 1198 289 non
1219 249 1340 289 modo

19 334 22 337 ·
53 306 103 348 ab
113 310 217 347 omni
232 309 322 345 vitio
335 318 436 357 pura,
456 304 514 342 sed
527 304 670 342 summa
683 302 919 354 perfeetionis
935 304 1072 362 regula,
1087 304 1195 341 etiam
1210 303 1339 355 legum

54 364 221 400 omniurn
235 360 291 397 lex
307 360 368 395 est.
381 353 515 395 Vetnm
529 367 704 407 negamus
720 355 924 394 obnoxium
939 356 1012 395 esse
1022 354 1218 393 reddenda:
1229 357 1342 392 ratio-

55 414 91 453 ni
105 424 300 463 :negamus
323 412 439 447 eriam
461 423 527 446 nos
540 409 613 447 effe
629 407 785 445 idoneos
807 407 940 446 iudices
953 436 963 451 .
988 410 1049 460 qui
1071 409 1219 458 proprio
1239 407 1341 446 sensu

54 476 336 517 pronuntiemus
348 462 393 499 de
407 461 475 499 hac
486 462 602 499 causa.
633 461 767 512 Qare
781 461 804 497 fi
816 473 998 499 tentamus
1011 457 1100 499 vltra
1110 457 1220 510 quim
1233 459 1342 502 licet,

54 529 198 554 metum
219 517 371 552 incutiat
390 514 449 551 illa
460 512 707 551 comminatio
734 513 866 550 Psalmi
887 538 897 557 ‚
919 516 1045 552 Deum
1064 511 1146 552 fore
1166 512 1344 550 victorem

53 571 203 621 quoties
221 568 268 605 ab
279 567 433 604 homine
447 568 595 604 mortali
609 565 845 603 iudicabitur.

107 629 124 667 3
169 618 348 658 Tacendo
361 619 479 669 potest
494 622 593 657 Deus
605 620 656 655 ita
668 617 898 668 compescere
910 617 1030 657 hostes
1046 616 1143 657 suos.
1156 616 1222 655 Sed
1234 630 1281 655 ne
1298 615 1348 655 il-

31 691 33 693 ·
57 667 116 712 los
129 672 268 710 sacrum
280 684 419 708 nomen
432 669 536 710 suum
549 673 701 722 impune
716 669 880 707 ludibrio
893 671 1027 708 habere
1038 672 1232 720 patiamur,
1244 681 1349 708 arma

1368 512 1455 565 ΡΜ·
1470 521 1521 565 ςτὲ

1362 574 1422 604 af

54 738 204 776 quoque
218 721 386 762 aduersus
402 736 466 761 eos
488 723 597 762 nobis
612 736 656 760 ex
670 722 785 760 verbo
799 721 862 760 suo
875 721 1093 774 suppeditat.
1126 721 1284 760 Proinde
1300 722 1349 760 fi·
1377 761 1381 764 ,

57 779 138 828 quis
162 790 228 814 nos
250 775 454 813 huiusmodi
480 775 597 813 verbis
620 775 856 829 aggrediatur
870 802 880 819 ‚
895 789 957 814 cur
977 776 1024 813 ab
1048 776 1154 812 initio
1177 778 1277 813 Deus
1300 773 1349 812 ad

56 842 221 868 mortem
233 829 374 879 aliquos
391 828 661 879 praedestinarit‚
677 830 739 877 qui
752 840 865 877 quum
877 828 1041 865 nondum
1063 825 1178 865 essent
1189 853 1199 870 ‚
1213 827 1350 866 mereri

58 881 235 920 iudicium
249 882 378 918 mortis
392 880 557 918 nondum
571 892 767 930 potuerant
785 894 794 916 :
808 881 902 923 Nos,
914 879 1156 931 responsionis
1169 879 1253 917 loco
1266 906 1276 923 ,
1293 881 1351 917 vi·

59 931 175 972 ciffim
189 946 253 970 eos
265 945 438 984 rogemus
453 933 671 984 quidDeum
685 931 826 969 homini
841 931 975 969 debere
988 933 1210 976 existiment,
1222 932 1246 969 ίί
1259 945 1351 971 eum

59 983 79 1024 ὃ.
94 997 219 1023 natura
235 984 291 1023 sua
301 987 478 1023 aestimare
492 985 771 1036 velit.Qaliter
783 997 932 1033 peccato
945 985 1060 1023 vitiati
1072 983 1192 1023 sumus
1203 997 1350 1027 omnes,

61 1052 139 1076 non
151 1032 336 1088 poffumus
349 1051 424 1074 non
438 1033 509 1074 effe
523 1040 608 1075 Deo
622 1037 740 1074 odiofi
754 1064 762 1078 ‚
776 1035 890 1087 idque
904 1051 977 1073 non
991 1039 1177 1087 tyrannica
1201 1035 1350 1078 saeuitia.

62 1088 125 1127 sed
144 1087 340 1141 aequiffirna‘
361 1091 503 1127 iustitiae
524 1091 677 1127 ratione.
710 1088 833 1140 Qod
855 1088 879 1124 fi
895 1088 1027 1126 iudicio
1050 1091 1179 1126 mortis
1193 1089 1352 1126 obnoxii

60 1142 145 1180 sunt
155 1155 285 1179 omnes
299 1141 456 1179 naturali
471 1141 695 1183 conditione,
711 1154 803 1190 quos
817 1140 862 1178 ad
875 1153 1038 1178 mortem
1052 1143 1238 1178 Dominus
1257 1153 1354 1192 prae-

63 1194 218 1232 destinat
232 1192 567 1243 ,dequa,obsecro‚
584 1195 663 1231 eius
683 1195 881 1244 iniquitate
904 1206 992 1247 erga
1006 1191 1040 1230 se
1063 1201 1351 1244 conquerantur!
1384 1192 1390 1199 '

65 1250 221 1286 Veniant
233 1259 320 1283 omn
327 1259 363 1283 es
374 1244 440 1284 filii
452 1245 668 1289 Adam,cum
680 1245 742 1284 suo
754 1247 930 1284 Creatore
941 1244 1164 1284 contendant
1182 1257 1224 1282 ac
1236 1245 1351 1282 disce-

62 1310 181 1351 ptent,
197 1296 443 1349 quodaeterna
454 1298 553 1335 illius
569 1298 798 1348 prouidentia
810 1324 821 1340 ,
837 1310 925 1335 ante
947 1300 1041 1336 suam
1057 1299 1349 1350 generationem,

63 1363 247 1401 perpetuae
272 1350 472 1388 calamitati
488 1350 624 1388 addicti
648 1349 799 1389 fuerint.
826 1350 933 1403 Qid
945 1350 1156 1401 obstrepere
1175 1346 1350 1388 aduersus

62 1404 158 1441 hanc
167 1401 419 1440 defensionem
434 1415 626 1453 poterunt,
643 1403 703 1440 vbi
716 1405 818 1440 Deus
832 1404 917 1440 illos
931 1402 975 1440 ad
986 1403 1035 1440 sui
1046 1404 1344 1454 recognitionem

3 1497 6 1499 ,
63 1452 190 1493 contra
200 1455 346 1493 vocabit
360 1455 432 1493 ἓΕκ
444 1467 617 1505 corrupta
628 1454 740 1494 massa
755 1455 778 1491 fi
792 1453 972 1505 desumpti
994 1456 1074 1492 sunt
1095 1468 1227 1492 omnes
1242 1482 1251 1499 ,
1269 1468 1345 1493 non

67 1510 200 1547 mirum
214 1507 236 1543 fi
250 1508 483 1545 damnationi
496 1507 694 1545 subiacent.
722 1510 782 1545 Ne
794 1521 887 1561 ergo
911 1511 1033 1545 Deum
1055 1509 1256 1557 iniquitatis
1268 1507 1352 1545 inii-

68 1559 212 1597 mulent
225 1559 248 1595 si
261 1572 395 1597 aeterno
408 1561 483 1596 eius
497 1559 633 1596 iudicio
647 1563 759 1597 morti
778 1559 944 1597 destinati
961 1561 1026 1597 fint
1041 1585 1050 1603 ‚
1067 1560 1110 1596 ad
1122 1573 1231 1610 quam
1249 1560 1268 1597 ὲ
1291 1560 1353 1598 sna

67 1612 228 1661 ipsorum
244 1623 368 1648 natura
383 1610 511 1660 sponte
527 1611 562 1648 se
574 1612 852 1660 perduci‚velint
866 1613 1063 1663 nolint‚ipfi
1079 1612 1354 1650 sentiunt.Vnde

68 1675 222 1712 apparet
235 1660 346 1713 quam
361 1663 527 1714 peruersa
538 1663 580 1700 fit
593 1665 826 1714 obstrependi
838 1662 1036 1706 affectatio,
1050 1663 1152 1714 quod
1166 1665 1250 1701 data
1262 1678 1354 1715 ope-

68 1728 109 1753 ra
121 1715 349 1766 supprimunt
360 1729 466 1767 quam
478 1718 512 1752 in
529 1715 564 1752 se
575 1714 774 1769 agnoscere
789 1729 972 1767 coguntur
995 1716 1245 1754 damnationis
1267 1730 1355 1755 cau-

71 1762 201 1810 samme
214 1770 285 1804 Dei
297 1780 493 1817 praetextus
508 1781 571 1805 eos
585 1768 848 1820 lineret.Atqu1
862 1782 899 1807 vt
911 1771 1048 1807 centies
1060 1772 1185 1811 Deum
1200 1767 1270 1807 effe
1290 1782 1360 1807 au-

69 1818 215 1858 thorem
228 1818 418 1863 confitear,
433 1819 530 1870 quod
541 1819 766 1859 verissimum
781 1823 830 1860 est
844 1848 854 1863 ‚
868 1835 942 1858 non
956 1823 1119 1873 protinus
1143 1834 1267 1860 tamen
1290 1824 1360 1859 cri-

69 1885 157 1910 men
170 1871 299 1910 eluunt
312 1873 409 1922 quod
422 1886 551 1910 eorum
563 1873 789 1913 conscientiis
810 1874 1031 1926 insculptum
1052 1874 1204 1912 subinde
1227 1887 1359 1913 eorum

54 1965 56 1967 ,
72 1923 188 1963 oculis
204 1927 370 1963 recurrit.
1169 1926 1170 1929 ’

121 1992 146 2020 4
197 1978 354 2016 Rursum
368 1976 710 2028 excipiunt‚N6nne
722 1979 766 2015 ad
780 1992 861 2017 eam
873 1992 953 2028 quae
966 1992 1058 2016 nunc
1069 1993 1134 2030 pro
1148 1979 1359 2018 damnatio-

70 2029 125 2067 nis
139 2030 243 2068 causa
255 2029 479 2073 obtenditur,
493 2033 766 2079 corruptionem
779 2035 853 2070 Dei
866 2031 1100 2070 ordinatione
1118 2032 1362 2084 praedestinati

73 2093 161 2118 ante
174 2080 466 2135 fuerant?Qum
482 2096 572 2133 ergo
587 2086 622 2119 in
637 2081 696 2121 sua
712 2087 951 2136 corruptione
965 2097 1118 2135 pereunt
1131 2112 1140 2128 ,
1154 2084 1243 2122 nihil
1259 2082 1361 2122 aliud

74 2131 180 2184 quain
195 2147 321 2184 poenas
334 2135 440 2173 luunt
451 2137 527 2173 eius
541 2135 752 2174 calamitatis
772 2139 809 2174 in
822 2150 933 2186 quam
945 2136 1054 2188 ipfius
1076 2138 1364 2189 praedestinatio-

72 2198 118 2222 ne
134 2185 250 2236 lapsus
265 2188 314 2224 est
327 2187 506 2230 Adan1,ac
519 2189 681 2238 posteros
697 2188 776 2228 suos
794 2193 994 2240 praecipites
1006 2191 1123 2227 secum
1139 2195 1262 2227 traxit.
1286 2193 1363 2225 An·

74 2240 458 2288 nonitaqueiniustus,
473 2243 533 2292 qui
553 2242 724 2278 creaturis
737 2240 805 2278 suis
818 2254 893 2280 tam
906 2242 1104 2280 crudeliter
1128 2240 1274 2279 illudit?
1297 2243 1364 2278 Fa·

75 2301 157 2327 teor
179 2287 311 2328 sanein
330 2292 423 2329 hanc
444 2305 516 2343 qua
536 2305 630 2329 nunc
651 2294 781 2345 illigati
796 2295 876 2332 sunt
890 2322 900 2338 ‚
916 2296 1137 2332 conditionis
1162 2295 1361 2335 miseriam,

75 2343 150 2380 Dei
163 2343 351 2381 voluntate
363 2342 531 2382 decidiffe
550 2343 736 2383 vniuersos
754 2345 850 2383 filios
866 2348 1003 2384 Adam.
1019 2359 1129 2395 atque
1152 2347 1190 2384 id
1202 2346 1250 2383 est
1263 2344 1364 2397 quod

75 2395 256 2444 principio
270 2395 685 2438 dicebam‚redeundum
702 2399 853 2436 tandem
874 2399 1014 2451 semper
1027 2397 1101 2438 csse
1123 2399 1165 2436 ad
1178 2398 1294 2436 solum
1311 2396 1364 2434 di-

77 2446 169 2483 uinae
183 2446 382 2504 voluntatis
393 2449 584 2489 arbitrium
597 2475 608 2496 ,
623 2452 725 2490 cuius
739 2453 840 2491 causa
851 2452 892 2491 fic
905 2454 942 2489 in
955 2452 1032 2503 ipso
1042 2450 1251 2492 abscondita
1265 2478 1274 2488 .
1297 2448 1364 2488 Sed
