1591 2775
213 10 283 68 '7322
580 15 797 65 LIBRI
850 15 1155 66 QVARTI

215 74 364 133 prium}
385 75 446 117 sed
455 77 584 117 omnia
592 77 715 131 potius
727 83 910 118 contraria
923 89 935 118 Ξ
949 79 1018 118 Sed
1031 78 1092 118 hic
1105 107 1115 123 ‚
1136 80 1160 116 ὁ
1173 83 1274 119 Deus
1288 106 1299 124 ‚
1309 80 1405 120 vnde
1416 81 1508 120 inci:

214 134 340 184 piam?
354 129 374 169 *a
387 129 665 174 destrinanean
677 130 697 170 ὲ
707 133 894 171 moribus?
908 132 1017 184 Qid
1029 132 1148 171 dicam
1162 159 1172 176 ‚
1184 145 1248 171 aut
1260 133 1508 185 quid-tacebo?

214 184 279 222 ⁴vbi
293 183 452 222 definiam
466 193 478 223 ἒ
492 186 579 222 Hoc
591 183 674 222 dico
689 200 697 223 :
711 198 824 236 quum
846 187 1003 223 mundus
1027 185 1140 223 hodie
1162 197 1220 223 tot
1242 186 1419 237 peruersis
1440 189 1510 223 irn-

214 234 540 289 piisquedostrinis
564 236 719 275 refertus
732 238 773 276 fit
787 253 795 274 ε
811 249 869 275 tot
892 237 1187 288 superstitionum
1209 239 1408 287 generibus
1428 238 1509 289 ple-

219 301 301 331 nus,
311 300 371 327 tot
386 289 570 328 erroribus
581 292 834 334 excaecatus,in
846 301 954 327 tanta
972 289 1182 328 idololatria
1194 290 1401 328 demersus:
1419 289 1512 328 nihil

221 341 358 391 vspiam
375 343 529 380 istorum
541 337 615 380 effe
629 343 729 392 quod
743 357 817 380 non
831 342 932 380 illinc
943 343 1001 380 vel
1015 345 1208 383 emanarit,
1219 343 1274 380 vel
1290 343 1416 380 saltem
1431 341 1515 381 fue-

219 395 270 431 rit
281 392 557 432 confirmatum.
579 396 661 431 Nec
674 391 746 434 alia
757 395 806 431 est
819 395 923 431 causa
935 407 996 431 cur
1011 408 1111 433 tanta
1126 395 1223 432 rabie
1235 394 1397 433 feramur
1413 398 1520 432 Pon--

222 443 342 483 tifices
353 449 389 484 in
402 446 650 484 renascentem
673 447 864 499 Euangelii
878 446 1084 484 doetrinam
1101 475 1111 491 ‚
1135 447 1181 485 ad
1194 460 1275 485 eam
1296 450 1514 498 opprimen-

221 498 310 535 dam
322 512 456 536 neruor
467 511 599 535 omnes
611 497 692 536 suos
706 497 900 536 intendant
912 525 922 540 ‚
937 502 1057 550 Reges
1070 512 1199 537 omnes
1213 513 1253 536 ac
1275 503 1452 550 principes
1465 498 1514 538 ad

221 549 397 589 saeuitiam
411 549 609 588 accendant
623 577 634 592 ,
657 551 721 587 nisi
734 548 832 600 quod
855 551 992 588 collabi
1014 564 1056 589 ac
1067 565 1242 589 corruere
1256 564 1379 590 totum
1406 552 1512 589 suum

220 616 379 656 regnum
393 601 515 640 vident
527 603 587 639 vbi
598 604 758 653 primum
772 604 903 640 Christi
926 604 1165 654 Euangelium
1177 605 1396 642 obtinuerit.
1419 607 1513 641 Cru-

221 656 310 693 delis
321 655 390 693 fuit
403 657 483 691 Leo
497 669 506 691 :
520 652 771 706 sanguinarius
784 655 958 692 Clemens
973 657 1217 694 :truculentus
1232 657 1281 693 est
1294 655 1515 694 Paulus.Sed

219 721 297 746 non
309 719 383 744 tam
395 719 525 744 natura
537 720 601 745 eos
612 706 656 745 ad
677 707 968 757 impugnandam
992 711 1187 747 veritatem
1211 708 1356 758 impulit
1370 737 1380 753 ,
1399 707 1512 760 qnam

222 758 329 810 quod
346 772 415 796 vna
429 758 586 796 liaecillis
607 760 700 797 ratio
723 771 803 796 erat
827 759 969 797 tuendae
980 760 1048 797 suae
1070 763 1259 809 potentiae.
1282 762 1376 799 Salui
1398 763 1512 814 igitur

220 825 335 863 quum
350 808 422 849 effe
435 825 510 849 non
531 809 667 875 possint
679 811 743 849 nifi
757 813 863 860 profli
892 824 955 849 ato
977 814 1214 856 Christo,non
1229 814 1331 850 aliter
1344 813 1516 850 laborant

217 866 260 906 iu
271 863 341 901 hac
350 863 452 901 causa
477 877 584 910 quam
600 864 625 900 fi
638 878 706 914 pro
718 866 788 902 aris
801 877 842 901 ac
863 825 955 903 {icis
967 892 978 907 ‚
1000 863 1140 916 suisque
1152 865 1312 916 ipsorum
1333 864 1514 916 capitibus

214 928 441 970 pugnarent.
465 915 576 969 Qid
589 929 679 970 ergo
693 926 704 955 ?
717 929 803 953 num
817 916 891 954 illic
902 916 1008 954 nobis
1021 919 1090 955 erit
1105 918 1202 955 sedes
1219 917 1512 969 Apostolica‚vbi

222 968 511 1010 nihilcernimus
524 969 588 1006 nifi
610 969 832 1007 horrendam
854 970 1066 1019 apostafiam
1082 979 1093 1008 ἓ
1107 972 1181 1008 Erit
1193 970 1324 1008 Christi
1345 972 1512 1012 vicarius,

219 1023 282 1071 qui
297 1020 442 1058 furiofis
457 1022 650 1059 conatibus
664 1021 904 1074 Euangelium
919 1022 1169 1073 persequendo
1182 1050 1193 1065 ‚
1211 1021 1463 1060 Antichristum
1479 1021 1516 1058 se

220 1070 296 1111 effe
308 1069 427 1124 palam
443 1071 661 1124 profitetur?
678 1075 754 1112 Erit
769 1076 862 1111 Petri
876 1073 1074 1117 successor,
1096 1076 1156 1123 qui
1167 1074 1213 1112 ad
1235 1074 1515 1113 demoliendum

221 1125 395 1176 quicquid
406 1124 597 1163 aedificauit
608 1128 732 1163 Petrus
748 1153 757 1168 ,
779 1124 878 1163 ferro
894 1129 1018 1181 &igni
1040 1125 1313 1180 graffamrffirst
1328 1139 1435 1177 caput
1448 1127 1517 1163 Ec·-

221 1178 419 1228 tlefiae,qui
436 1178 631 1215 Ecclesiam
646 1177 666 1215 ἐι
677 1179 825 1215 Christo
840 1179 919 1216 solo
936 1193 1021 1216 vero
1034 1182 1152 1230 capite
1166 1178 1345 1217 rescifl'am
1359 1191 1400 1216 ac
1412 1191 1515 1216 trun-

224 1241 345 1268 catam
359 1257 368 1273 ,
382 1231 420 1267 in
435 1230 546 1279 seipsa
560 1230 730 1280 discerpit
741 1230 928 1270 acjacerat
943 1240 953 1268 ?
966 1233 1086 1269 Fuerit
1100 1230 1180 1269 sane
1193 1232 1283 1268 olim
1297 1234 1420 1270 Roma
1430 1242 1517 1272 om-

222 1283 328 1320 nium
344 1282 583 1320 Ecclefiarum
595 1279 852 1320 materzverum
867 1297 911 1321 ex
926 1296 999 1334 quo
1012 1284 1218 1321 Antichristi
1234 1282 1335 1321 sedes
1351 1281 1431 1321 fieri
1443 1296 1521 1320 coe-

220 1334 394 1387 pit‚defiir
406 1331 479 1372 effe
490 1334 527 1371 id
541 1334 640 1386 quod
653 1347 743 1372 erat.

274 1399 313 1435 25
369 1387 546 1424 Videmur
560 1388 748 1425 nonnullis
772 1389 877 1425 nimis
898 1386 1069 1426 maledici
1087 1400 1127 1425 ac
1150 1388 1358 1439 petulantes
1373 1415 1381 1431 ,
1402 1400 1515 1438 quum

222 1441 438 1478 Romanum
463 1437 683 1477 Pontificem
699 1453 877 1478 vocamus
899 1440 1181 1478 Anticliristurn.
1202 1441 1269 1477 Sed
1280 1443 1340 1490 qui
1354 1441 1424 1478 hoc
1436 1441 1518 1478 sen-

222 1494 340 1535 tiunt,
372 1491 673 1544 nonintelligunt
685 1490 720 1529 se
741 1492 896 1530 Paulum
920 1493 1161 1530 immodestia:
1182 1493 1414 1534 infimulare‚
1435 1492 1516 1543 post

221 1557 331 1595 quem
346 1557 414 1581 nos
438 1543 623 1592 loquimur
646 1558 654 1581 :
677 1543 755 1581 imo
771 1558 814 1582 ex
827 1547 928 1582 cuius
943 1557 1008 1582 ore
1029 1545 1074 1582 fic
1096 1546 1298 1596 loquimur.
1323 1549 1378 1583 Ac
1388 1545 1518 1595 nequis

221 1596 459 1640 obiiciat,nos
473 1595 575 1633 Pauli
586 1596 712 1639 verba,
727 1597 892 1646 quaealic‘i
905 1598 1328 1649 pertineant,perperam
1341 1608 1517 1648 torquere

50 1683 73 1708 2
91 1669 157 1708 Tln
220 1651 256 1686 in
270 1651 486 1687 Romanum
503 1647 735 1691 Pontificem,
749 1649 912 1687 breuiter
930 1649 1121 1687 ostendam
1134 1664 1209 1687 non
1223 1651 1333 1688 aliter
1345 1646 1456 1698 quam
1468 1648 1516 1687 de

80 1699 86 1707 ’
157 1676 206 1725 μ’
223 1705 361 1753 Paparu
375 1698 476 1751 posse
490 1702 923 1753 intelligi.Antichristum
939 1704 973 1738 in
985 1703 1127 1753 templo
1141 1705 1214 1741 Dei
1230 1699 1399 1740 seffurum
1414 1703 1514 1739 Pau-

49 1723 133 1812 Ξῖ),
148 1789 171 1822 7
220 1754 274 1791 lus
291 1753 424 1791 scribit.
444 1754 541 1792 Alibi
554 1756 860 1806 quoqueSpirirus
872 1753 1076 1792 describens
1090 1757 1166 1792 eius
1178 1756 1380 1809 imaginem
1393 1756 1426 1791 in
1441 1756 1515 1790 An-

45 1806 144 1879 815⁹
173 1807 181 1815 ⁰
222 1805 338 1843 tiochi
353 1805 528 1857 persona,
553 1807 710 1844 ostendit
723 1820 880 1856 regnum
896 1809 974 1845 eius
988 1809 1024 1844 in
1047 1807 1416 1860 magniloquentia&
1440 1806 1516 1843 Dei

221 1858 454 1907 blasphemiis
467 1859 571 1897 (itum
593 1857 687 1897 fore.
713 1850 809 1897 Hinc
823 1859 1033 1911 colligimus
1059 1860 1290 1910 tyrannidem
1306 1855 1378 1895 effe
1390 1861 1426 1895 in
1439 1860 1517 1895 ani-

219 1924 298 1949 mas
311 1913 428 1963 magis
443 1909 599 1961 quamin
619 1923 776 1961 corpora
791 1925 891 1962 :quae
902 1907 1070 1950 aduersus
1093 1911 1279 1962 spirituale
1302 1910 1436 1948 Christi
1459 1924 1517 1948 re-

219 1976 333 2018 gnum
347 1967 518 2015 erigatur.
546 1963 691 2001 Deinde
714 1965 828 2001 talem
852 1962 922 2001 effe
934 1978 1012 2015 quae
1024 1976 1090 2002 nec
1113 1964 1245 2003 Christi
1259 1977 1327 2000 nec
1353 1963 1519 2001 Ecclefiae

219 2028 359 2054 nornen
372 2015 604 2053 aboleansed
617 2015 741 2065 potius
752 2016 883 2053 Christi
896 2030 1065 2068 pretextu
1075 2016 1298 2058 abutum&
1313 2015 1378 2053 sub
1389 2016 1513 2053 Eccle-

219 2069 276 2106 fiae
290 2067 400 2106 titulo
414 2070 516 2105 velut
531 2069 628 2105 larua
641 2067 1011 2107 deliteseat.Tametfi
1025 2081 1148 2107 autern
1162 2081 1292 2105 omnes
1307 2081 1384 2118 quae
1399 2068 1445 2104 ab
1456 2068 1510 2105 ini

221 2125 276 2160 tio
288 2123 490 2159 extiterunt
504 2119 653 2158 haereses
665 2134 705 2157 ac
718 2120 822 2157 seecae
832 2121 876 2158 ad
890 2135 1045 2173 regnum
1069 2119 1278 2160 Antichristi
1290 2121 1507 2169 pertineant:

222 2187 332 2221 quum
346 2186 468 2210 tamen
481 2172 641 2222 praedicit
655 2173 786 2210 Paulus
797 2177 948 2212 venturi
961 2171 1253 2214 defe&ione,hac
1264 2172 1509 2222 descriptione

220 2224 535 2279 fignificat‚sedem
550 2225 651 2261 illam
666 2224 954 2263 abominationis
965 2229 1022 2264 tric
1037 2224 1209 2276 erigendi
1225 2225 1283 2261 vbi
1299 2222 1509 2262 vniuersalis

221 2279 349 2328 quaeda
362 2277 522 2315 defeffio
534 2277 688 2314 Ecclefia
700 2279 903 2326 occuparit:
916 2282 1069 2329 vtcfique
1084 2277 1199 2314 inulta
1214 2276 1377 2314 Ecclefiae
1391 2289 1508 2314 mem-

224 2331 288 2367 [πει
304 2334 340 2368 in
353 2342 439 2367 vera
450 2327 534 2366 fidei
548 2333 683 2366 vnirate
697 2329 839 2379 sparsim
853 2330 1072 2379 perseueret.
1086 2331 1218 2381 Qum
1233 2327 1321 2366 vero
1334 2329 1432 2367 addit
1444 2329 1509 2365 suo

221 2396 394 2435 tempore
407 2380 552 2432 coepiffe
566 2383 684 2419 moliri
696 2384 733 2418 in
748 2383 924 2427 mysterio
942 2396 1032 2433 opus
1049 2381 1374 2433 iniquitatis‚quod
1386 2381 1511 2433 postea

221 2434 340 2486 palam
353 2434 510 2474 fafiirrus
527 2431 636 2473 esset:
657 2448 702 2473 ex
717 2447 763 2471 eo
777 2435 1016 2489 intelligimus
1029 2463 1039 2479 ‚
1053 2435 1301 2473 calamitatem
1312 2434 1407 2472 lianc
1419 2460 1429 2478 ,
1443 2446 1508 2470 ne-

1432 2497 1505 2537 que
