1591 2775
449 36 487 75 C
507 37 540 73 A
564 38 591 76 P
608 37 643 76 V
662 35 700 74 T
754 36 793 75 X
815 33 886 74 VJ
1275 33 1328 78 '97³

30 104 156 161 {uitur
166 99 238 144 effe
252 101 376 152 :quod
386 99 436 140 ab
447 102 551 139 omni
561 101 709 138 ratione
731 100 921 139 abhorret.
931 99 1036 139 Adde
1055 98 1158 150 quod
1177 101 1323 138 nonnisi

30 159 79 199 ad
90 155 392 197 Christihominis
415 166 546 205 typum
566 152 625 191 vel
647 153 834 204 exemplar
851 152 1029 192 formatus
1051 152 1124 192 fuit
1141 154 1280 196 hortm,
1295 152 1321 190 fi

31 213 204 263 recipitur
218 207 386 248 Ofiandri
405 205 640 259 figmentum.
656 217 768 254 atque
781 209 835 244 ita
845 204 930 244 idea
954 218 998 243 ex
1011 219 1082 257 qua
1094 206 1255 255 sumptus
1269 205 1321 242 est

31 264 166 305 Adam,
180 260 250 301 fuit
261 261 432 300 Christus,
447 270 631 308 quatenus
643 257 849 295 vestiendus
863 269 971 296 carne
982 271 1059 297 erat
1074 271 1211 309 :quum
1225 258 1322 298 Seti-n

30 327 139 367 ptura
154 311 266 367 longe
277 313 352 351 alio
373 310 476 349 sensu
497 308 630 347 doceat
642 322 728 347 eum
740 312 777 347 in
790 312 953 362 imagine
975 312 1048 349 Dei
1060 322 1223 348 creatum
1234 303 1320 347 effe.

33 369 118 406 Plus
134 367 269 405 coloris
281 364 392 402 habet
402 375 530 400 eorum
544 374 583 400 ar
614 365 689 400 utia
702 389 711 406 ,
726 364 784 414 qui
796 376 987 415 exponunt
997 390 1008 405 ‚
1022 362 1139 401 Adam
1154 374 1321 400 creatum

30 419 139 459 fuiffe
150 421 185 457 in
197 419 355 469 imagine
369 416 543 465 Dei,quia
612 416 773 465 risto‚qui
786 417 892 452 vnica
903 417 973 452 Dei
984 417 1113 466 imago
1130 416 1194 456 est,
1207 412 1322 452 fuerit

31 472 247 511 conformis.
265 469 326 507 sed
343 471 433 506 inea
446 480 594 517 quoque
613 466 707 503 nihil
721 469 770 505 est
794 467 963 505 solidum.
976 468 1187 518 Disputatio
1207 468 1322 504 etiam

30 539 108 562 non
121 535 232 574 parua
245 522 294 560 est
308 520 353 558 de
365 520 526 573 imagine
540 523 574 557 &
597 519 838 558 fimilitudine
851 546 862 564 ‚
876 519 965 558 dum
975 521 1196 572 interpretes
1217 516 1324 556 diffe·
1454 512 1477 540 ¹

28 578 185 615 rentiam
201 587 279 626 quae
289 572 389 612 nulla
402 574 464 614 est,
476 573 571 609 inter
582 570 671 608 duas
683 573 761 609 istas
775 586 882 610 voces
897 585 1062 624 quaerunt
1073 587 1081 610 :
1093 571 1158 609 nifi
1170 568 1270 622 qubd
1280 571 1325 608 fi-

30 627 203 667 militudo
215 630 294 665 vice
315 625 555 676 expositionis
576 624 697 662 addita
708 626 765 662 est.
783 623 907 663 Primo
928 626 1056 663 scimus
1076 624 1244 663 Hebraeis
1257 624 1326 661 tri-

32 693 85 720 tas
100 677 171 719 esse
183 680 423 729 repetitiones
434 676 566 728 quibus
577 690 653 713 rem
675 690 783 715 vnarn
799 679 856 716 bis
880 677 1075 728 explicant.
1086 676 1219 716 deinde
1233 678 1270 713 in
1281 688 1322 713 re

31 734 107 783 ipsa
120 731 218 770 nulla
233 732 282 768 est
295 730 513 781 ambiguitas
535 731 619 779 quin
631 730 704 766 Dei
718 733 842 781 imago
857 732 1069 767 nominetur
1080 728 1196 766 homo
1208 755 1218 771 ‚
1236 730 1323 778 quia
1366 733 1370 736 '

30 789 118 824 Deo
130 784 255 822 similis
269 783 330 821 est.
341 782 446 820 Vnde
459 781 633 820 ridiculos
657 779 729 819 effe
741 794 893 833 apparet
905 785 964 833 qui
979 778 1142 821 subtilius
1153 779 1321 832 philoso—

31 838 189 890 phantur
201 839 237 873 in
249 834 463 873 nominibus
476 833 638 876 illis‚fiue
651 834 870 879 Zelem‚hoc
883 838 933 873 est
946 835 1324 890 imaginem,statuant

31 893 69 928 in
83 889 281 928 substantia
295 891 441 928 animae,
456 891 489 923 δε
503 886 682 927 nemum,
696 886 767 924 hoc
781 888 831 924 est
843 887 1122 925 similitudmem
1133 914 1143 929 ‚
1157 889 1194 924 in
1205 886 1328 937 quali-

32 943 167 982 tatibus
188 967 197 983 ‚
212 941 285 978 fiue
307 939 403 978 aliud
426 938 609 976 diuersum
630 936 798 977 afferant.
810 942 904 989 quia·
918 938 980 976 vbi
1003 943 1102 978 Deus
1132 937 1325 976 hominem

32 1006 155 1032 create
169 993 332 1030 decreuit
344 994 381 1028 in
395 993 559 1042 imagine
570 991 641 1032 sua,
655 990 756 1041 quod
770 988 1250 1043 eratobscurius,exegetice
1263 1004 1326 1028 re-

32 1054 126 1097 petit
138 1046 206 1084 hac
216 1044 392 1094 particula
405 1069 416 1085 ‚
431 1043 490 1080 Ad
504 1042 785 1080 fimilitudinem
797 1069 807 1083 ,
822 1044 918 1093 quali
931 1043 1068 1081 diceret
1081 1043 1116 1080 se
1125 1043 1322 1081 hominem

31 1098 261 1140 fa&urum‚in
276 1109 350 1145 quo
365 1096 519 1146 seipsum
533 1094 630 1133 velut
642 1098 678 1131 in
689 1097 853 1149 imagine
865 1098 1154 1147 repraesentaret,
1171 1108 1324 1146 propter

32 1150 226 1200 insculptas
246 1148 492 1186 similitudinis
514 1160 635 1185 notas.
646 1149 772 1198 Itaque
786 1146 913 1185 Moses
929 1147 1041 1199 paulo
1057 1147 1252 1198 postidem
1264 1162 1324 1185 re-

31 1206 146 1241 citans
159 1229 168 1245 ‚
183 1203 381 1254 imaginem
396 1201 470 1238 Dei
481 1200 536 1237 bis
551 1202 679 1251 ponit,
694 1197 825 1237 omissa
847 1200 1091 1239 similitudinis
1112 1202 1321 1238 mentione.
1358 1202 1367 1211 “

30 1255 218 1294 Friuolum
230 1266 356 1291 autem
371 1252 530 1303 estquod
549 1254 679 1290 obiicit
695 1252 877 1290 Ofiander
888 1280 897 1295 ‚
912 1268 987 1291 non
997 1253 1067 1291 dici
1088 1265 1226 1305 partem
1251 1252 1325 1290 ho-=

19 1309 139 1346 ‘minis
152 1306 232 1351 ,vel
242 1308 406 1344 animam
418 1318 498 1343 cum
514 1303 581 1343 suis
597 1305 747 1343 dotibus
762 1331 771 1347 ,
785 1307 988 1359 imaginem
1014 1308 1086 1344 Dei
1103 1304 1184 1344 :sed
1197 1317 1322 1344 totum

34 1359 235 1403 Adam‚²cui
247 1371 387 1396 nomen
401 1356 422 1395 ὲ
441 1370 538 1396 terra
548 1357 639 1396 vnde
651 1357 810 1409 sumptus
825 1358 1104 1409 est‚impositum
1121 1356 1325 1396 fuit.friuo=

34 1413 126 1456 lum,
138 1413 299 1463 inquam,
314 1410 386 1448 sani
397 1423 528 1448 omnes
544 1410 700 1449 leetores
714 1410 787 1448 hoc
799 1410 1108 1450 iudicabfitNam
1122 1411 1209 1450 dum
1223 1424 1324 1448 mor-

33 1464 116 1504 talis
132 1476 389 1502 vocaturtotus
400 1463 520 1501 homo
534 1477 631 1508 ‚non
643 1463 730 1501 ideo
749 1465 864 1501 morti
884 1462 1073 1502 subiicitur
1091 1467 1236 1503 anima:
1256 1475 1324 1501 nec

34 1518 176 1556 rursum
190 1516 251 1554 vbi
264 1515 550 1564 dicitur-animal
559 1515 737 1555 rationale
749 1543 761 1559 ,
776 1516 861 1554 ideo
883 1519 919 1554 in
934 1530 1066 1568 corpus
1085 1517 1177 1555 ratio
1199 1517 1257 1554 vel
1269 1518 1328 1553 in-

35 1568 240 1622 telligentia
254 1570 445 1618 competit.
457 1569 632 1622 Qanuis
647 1582 738 1622 ergo
750 1570 874 1607 anima
893 1569 972 1608 hon
992 1570 1033 1607 fit
1044 1570 1183 1612 homo,
1197 1567 1326 1606 absur-

35 1622 124 1659 dum
136 1633 261 1659 tamen
273 1635 349 1669 non
365 1622 516 1665 est‚eum
529 1623 662 1659 animae
672 1619 837 1672 respectu
851 1624 972 1660 vocari
983 1624 1058 1661 Dei
1069 1624 1244 1677 imagine:
1257 1620 1335 1667 etss

33 1675 254 1726 principium
266 1673 365 1724 quod
376 1687 492 1725 nuper
505 1674 607 1726 posui
620 1675 760 1711 retineo
774 1701 783 1716 ,
798 1673 923 1725 patere
945 1677 1016 1712 Dei
1027 1672 1189 1727 effigiem
1207 1673 1252 1712 ad
1265 1686 1327 1711 to-

35 1739 110 1765 tam
124 1727 362 1776 praestantiam
375 1752 384 1769 ‚
398 1740 467 1776 qua
489 1729 630 1764 eminet
649 1726 810 1768 hominis
831 1739 961 1766 natura
975 1730 1073 1766 inter
1093 1740 1223 1766 omnes
1244 1728 1326 1764 ani-

36 1779 222 1817 mantium
235 1780 384 1828 species.
397 1778 633 1817 Proindehac
653 1792 744 1816 voce
758 1791 908 1817 notatur
931 1781 1124 1834 integritas
1147 1792 1220 1830 qua
1233 1792 1328 1830 prae-

36 1831 131 1870 ditus
144 1828 217 1868 fuit
229 1832 350 1868 Adam
363 1845 477 1881 quum
490 1832 592 1870 ῐεθεα
604 1831 850 1883 intelligentia
862 1832 1033 1883 polleret,
1046 1830 1198 1870 affectus
1210 1831 1325 1870 habe-

36 1897 93 1922 ret
105 1884 329 1934 compofitos
341 1884 387 1921 ad
408 1886 590 1922 rationem
604 1912 613 1926 ,
628 1884 748 1922 sensus
770 1898 902 1925 omnes
915 1886 1016 1923 reete
1036 1885 1164 1923 ordine
1185 1896 1331 1935 tempe-

28 1941 135 1975 ratos
149 1961 160 1978 ,
171 1934 330 1986 vereque
343 1939 483 1974 eximiis
495 1936 643 1974 dotibus
655 1935 795 1989 opificis
807 1937 859 1976 sui
884 1938 1144 1976 excellentiam
1158 1936 1328 1975 referret.

37 1991 94 2026 Ac
105 1990 258 2039 quanuis
283 1990 455 2040 primaria
477 1987 580 2028 sedes
604 1989 734 2028 diuinae
754 1991 923 2044 imaginis
944 1990 1058 2029 fuerit
1078 1993 1116 2030 in
1139 2002 1264 2028 mente
1286 1993 1325 2026 δε

36 2041 149 2080 corde
162 2068 172 2085 ,
185 2041 242 2078 vel
252 2043 288 2080 in
300 2043 423 2080 anima
437 2041 584 2094 eiusque
596 2042 891 2094 potentiismulla
902 2055 1025 2082 tamen
1038 2056 1119 2096 pars
1129 2042 1201 2082 fuit
1211 2044 1327 2080 etiam

36 2094 147 2146 vsque
159 2093 371 2146 ademptis,
386 2096 422 2132 in
436 2107 506 2144 qua
528 2108 602 2132 non
626 2094 785 2132 scintillae
807 2095 936 2149 aliquae
958 2098 1147 2136 micarent.
1168 2097 1326 2134 Certum

39 2148 136 2186 estin
150 2147 297 2200 singulis
308 2149 420 2186 etiam
433 2147 561 2186 mundi
576 2147 736 2198 partibus
748 2146 893 2200 fulgere
912 2150 1138 2187 lineamenta
1157 2147 1327 2199 quaedam

38 2199 168 2252 gloriae
184 2202 270 2237 Dei:
283 2200 378 2238 vnde
390 2201 572 2255 colligere
583 2201 670 2239 licet
683 2228 692 2243 ‚
704 2201 764 2238 vbi
777 2203 813 2239 in
823 2200 979 2240 homine
990 2202 1133 2240 locatur
1146 2204 1225 2240 eius
1236 2202 1330 2239 ima-

39 2265 90 2305 go
103 2278 114 2295 ‚
129 2254 279 2290 tacitam
291 2247 431 2291 subesse
443 2253 638 2301 antithesin
649 2266 727 2304 quae
741 2253 932 2292 hominem
956 2257 1059 2305 supra
1082 2253 1170 2292 alias
1197 2266 1331 2292 omues

41 2316 221 2344 creaturas
234 2305 402 2348 extollat,
414 2310 448 2344 δε
462 2307 559 2357 quafi
571 2307 712 2358 separet
724 2305 744 2344 a
755 2307 879 2358 vulgo.
896 2310 1031 2359 Neque
1045 2307 1133 2345 vero
1149 2306 1333 2358 negadum
1483 2350 1502 2361 Ἴ

43 2357 94 2394 est
107 2383 116 2400 ‚
129 2357 295 2408 Angelos
306 2358 352 2396 ad
368 2361 441 2396 Dei
454 2359 734 2397 similitudinem
756 2372 898 2397 creatos
913 2357 985 2397 esse
996 2388 1006 2401 ,
1023 2361 1173 2410 quando
1188 2361 1331 2397 summa
1349 2360 1502 2405 Matar„¹

43 2411 164 2446 nostra
176 2408 465 2461 perfe&io‚teste
477 2412 621 2449 Christo
635 2439 644 2454 ,
659 2413 725 2450 erit
735 2439 745 2453 ,
759 2412 892 2451 fimiles
905 2413 975 2450 illis
988 2413 1078 2451 fieri.
1091 2412 1157 2452 Sed
1168 2426 1243 2450 non
1258 2409 1332 2448 fru-
1351 2419 1425 2453 c.30

43 2458 112 2502 strfi
122 2462 292 2513 peculiari
301 2463 372 2502 hoc
385 2464 511 2519 elogio
525 2491 534 2509 ‚
547 2466 621 2503 Dei
634 2477 721 2516 erga
734 2478 800 2503 nos
820 2467 974 2519 gratiam
989 2464 1225 2507 commendat
1248 2465 1338 2515 Nlo-7

1105 2520 1169 2571 gal.
