1591 2775
499 48 744 88 CAPVT
785 47 953 86 X1111.
1300 54 1369 86 299

79 117 190 156 fiores
202 114 343 156 Serueti
354 114 558 167 praestigias,
571 104 701 163 quihus
715 114 750 150 se
766 117 800 150 &
828 110 1004 161 quosdam
1015 107 1206 148 fascinauit
1219 111 1235 154 (
1249 122 1285 148 vt
1295 110 1368 148 hoc

77 169 257 220 exemplo
276 167 456 207 admoniti
469 168 517 216 pii
531 167 685 210 leecores
701 163 784 201 sein
803 164 997 202 sobrietate
1019 167 1054 200 &
1075 162 1255 200 modestia
1277 174 1367 199 con-

83 223 238 267 tineant)
249 219 414 258 refellere
427 218 515 256 vtile
530 216 681 268 quidem
694 214 871 254 effen-tam
878 229 923 253 en
936 215 1196 263 superuacuum
1208 212 1289 251 fore
1300 214 1366 249 du-

79 286 127 310 co
140 300 150 315 ,
168 276 251 324 quia
261 271 295 309 id
308 270 480 322 peculiari
503 269 597 306 libro
609 267 628 306 ὲ
646 282 707 305 me
719 267 854 306 fae‘rum
868 268 1019 305 est-Huc
1029 267 1171 304 summa
1183 265 1296 307 redit,
1309 267 1369 302 Fi·

80 325 170 363 lium
185 326 254 362 Dei
267 323 314 361 ab
329 323 439 361 initio
451 316 555 359 fmffe
569 322 701 362 ideam,
719 326 751 358 &
766 334 838 358 iam
851 333 937 357 tunc
957 318 1235 367 praeordinatum
1258 315 1365 355 fuiffe

78 375 269 414 hominem
284 371 448 425 quiesset
459 371 655 412 elsentialis
668 375 740 410 Dei
761 374 901 425 imago.
916 374 998 409 Nec
1010 371 1123 407 alium
1138 371 1211 407 Dei
1225 370 1367 406 sermo-

79 442 166 466 nem
178 427 347 479 agnoscit
368 426 431 463 nili
453 428 488 463 in
513 437 667 463 externo
689 425 893 476 splendore.
907 426 1013 461 Hanc
1025 420 1131 461 fuiffe
1154 425 1367 472 genituram

78 481 357 530 interpretatur,
375 475 473 528 quod
487 477 565 515 Filii
586 477 786 529 generandi
807 477 851 515 ab
873 477 981 514 initio
1003 477 1127 527 genita
1148 475 1217 512 fuit
1227 477 1262 511 in
1282 477 1366 512 Deo

79 533 253 571 voluntas
264 557 273 573 ,
286 544 364 581 quae
377 532 491 568 etiam
503 530 585 567 actu
600 531 633 568 se
645 530 809 567 extendit
832 531 868 566 in
892 525 1003 578 ipsam
1025 539 1241 565 creaturam.
1254 527 1368 577 Spiri-

82 596 161 623 tum
174 585 313 621 i'nterea
327 583 457 620 miscet
469 582 638 631 cumipso
651 586 827 620 Sermone
840 610 849 626 ‚
864 584 947 631 quia
961 584 1062 618 Deus
1082 578 1263 618 inuifibile
1287 591 1370 615 ver-

79 636 169 673 bum
194 640 228 672 &
257 636 430 684 Spiritum
453 634 714 685 dispensauerit
727 637 763 671 in
787 647 934 671 carnem
950 638 981 671 δε
1005 636 1181 670 animam.
1195 634 1367 679 Denique

79 686 255 738 figuratio
269 686 406 724 Christi
420 687 542 724 locum
552 692 732 740 geniturae
746 685 841 736 apud
854 699 937 723 enm
950 685 1093 723 obtinet
1106 683 1190 722 z-sed
1209 687 1269 735 qui
1284 694 1367 721 tunc

81 753 146 791 per
169 741 324 790 speciem
347 739 547 777 vmbratilis
572 739 642 777 fuit
664 739 796 781 Filius,
819 752 903 775 eum
929 737 1073 775 tandem
1099 735 1173 775 effe
1192 738 1368 790 genitum

79 792 169 830 dicit
182 806 243 842 per
257 795 474 829 Sermonem
494 793 552 828 cui
575 791 719 828 seminis
740 803 862 842 partes
875 790 1058 828 attribuit.
1073 790 1178 827 Vnde
1198 797 1384 838 lequetur

80 857 214 896 porcos
228 847 261 880 &
276 857 382 882 canes
398 857 471 881 non
486 839 606 880 minus
620 841 689 880 effe
702 845 775 881 Dei
787 842 884 880 filios
899 869 908 885 ,
922 844 1009 892 quia
1021 855 1063 879 ex
1075 842 1244 892 originali
1259 840 1367 877 semi-

80 910 130 934 ne
143 896 326 934 verbiDei
342 898 450 934 creati
465 896 630 933 sunt.Etfi
643 908 765 933 autem
787 909 830 933 ex
854 896 966 932 tribus
987 897 1152 934 increatis
1173 893 1368 930 elementis

81 948 267 986 Christum
279 949 472 991 conflat‚vt
484 948 525 985 fit
536 949 680 1001 genitus
692 962 735 985 ex
750 944 901 985 efferitia
916 946 1051 983 Deizfic
1065 958 1186 984 tamen
1199 947 1370 996 primoge

82 1003 201 1042 nitum
217 998 287 1039 esse
311 998 420 1054 fingit
442 1003 538 1038 inter
551 1012 746 1041 creaturas,
763 1012 800 1037 vt
822 997 948 1036 eadem
963 998 1007 1035 fit
1028 993 1223 1037 essentialis
1238 997 1372 1034 diuini-

82 1065 138 1092 tas
151 1052 330 1103 lapidibus
343 1048 535 1090 secundum
549 1053 650 1088 suum
663 1051 830 1103 gradum.
855 1053 916 1088 Ne
939 1049 1028 1088 vero
1042 1050 1225 1088 Christum
1249 1049 1372 1086 videa-

83 1117 143 1143 tur
161 1104 222 1142 sua
231 1104 365 1141 deitate
379 1099 654 1146 exuere,afferit
665 1116 812 1141 carnem
826 1103 902 1140 eius
914 1105 998 1140 Deo
1010 1099 1242 1143 effe5u08'512v,
1252 1106 1282 1138 Sc
1297 1101 1371 1138 ser-

83 1169 237 1194 monem
251 1154 356 1207 fuiss'e
367 1155 558 1194 hominem
570 1154 842 1198 faE’tum,carnis
854 1157 888 1191 in
902 1157 1027 1192 Deum
1049 1153 1301 1191 conuerfione.
1316 1157 1371 1190 Ita

82 1208 171 1247 dum
187 1207 367 1246 Christum
382 1206 658 1258 apprehendere
671 1221 742 1246 non
758 1208 875 1258 potest
888 1207 1019 1244 Filium
1028 1206 1179 1248 Dei.nifi
1193 1209 1271 1243 eius
1285 1217 1369 1242 caro

82 1274 131 1299 ex
150 1262 224 1298 Dei
245 1257 396 1298 essentia
420 1259 607 1309 prodierit,
623 1265 657 1297 δε
686 1261 720 1296 in
734 1259 910 1297 deitatem
935 1259 1044 1297 fuerit
1069 1259 1253 1299 conuersa.
1268 1271 1371 1295 aeter-

83 1325 170 1351 nam
181 1315 366 1351 Sermonis
391 1312 600 1363 hypostasin
615 1311 749 1366 redigit
763 1314 798 1348 in
813 1311 982 1355 nihilum,
998 1315 1030 1349 δε
1058 1312 1186 1350 Filium
1203 1309 1366 1352 Dauhiis,

82 1368 144 1416 qui
158 1360 352 1416 promiffus
371 1361 438 1402 fuir
461 1364 699 1409 redemptor,
714 1364 819 1401 uobis
832 1366 958 1413 eripit.
979 1368 1111 1415 Saepius
1127 1362 1277 1414 quidem
1298 1362 1371 1400 hoc

83 1420 221 1469 repetit
234 1445 243 1459 ‚
270 1418 435 1471 genitum
449 1413 550 1454 fuisse
581 1417 713 1454 Filium
727 1415 746 1455 ὲ
765 1419 849 1454 Deo
862 1445 872 1459 ,
888 1416 1033 1454 scientia
1045 1421 1077 1453 ὃ(
1089 1415 1372 1467 praedestinatio-

83 1468 298 1508 nettandem
314 1469 401 1507 vero
416 1469 608 1507 hominem
633 1469 770 1508 factum
786 1483 829 1507 ex
853 1471 1005 1507 materia
1033 1469 1094 1506 illa
1108 1481 1188 1519 quae
1209 1470 1317 1505 initio
1330 1480 1371 1505 a·

84 1521 159 1572 pud
169 1525 289 1559 Deum
305 1520 473 1572 fulgebat
486 1525 524 1559 in
543 1522 655 1560 tribus
667 1522 859 1559 elementis
874 1549 883 1565 ,
897 1534 976 1572 quae
990 1521 1119 1558 deinde
1146 1522 1311 1572 apparuit
1331 1522 1369 1558 in

85 1576 201 1625 prima
221 1574 302 1611 luce
326 1575 471 1616 mundi,
486 1575 522 1611 in
547 1575 642 1612 nube
658 1580 692 1612 δε
715 1574 886 1612 columna
909 1571 1143 1625 ignis.Porro
1173 1570 1277 1624 quam
1292 1585 1371 1610 tur-

85 1627 180 1673 piter
204 1624 407 1676 secumipse
426 1626 576 1664 subinde
598 1640 758 1680 pugnet:
774 1628 877 1663 nimis
905 1626 1088 1675 prolixum
1114 1623 1200 1664 effet
1220 1624 1370 1664 referre.

86 1679 138 1716 Ex
174 1678 243 1715 hoc
264 1677 486 1727 compendio
512 1679 689 1730 colligent
712 1678 781 1716 sani
813 1678 967 1715 lectores
988 1705 997 1718 .
1024 1678 1173 1715 versutis
1196 1679 1371 1729 ambagi-

84 1731 153 1771 bus
177 1732 310 1780 impuri
335 1731 430 1767 canis
457 1729 556 1779 spem
581 1731 700 1768 salutis
727 1728 871 1781 prorsus
901 1727 1008 1767 fuisse
1030 1730 1243 1768 extinnstam.
1268 1731 1367 1769 Nam

85 1783 111 1820 fi
124 1795 209 1819 caro
234 1779 321 1820 esset
334 1783 405 1832 ipsa
420 1781 589 1820 diuinitas
602 1810 611 1826 ‚
626 1783 806 1821 defineret
819 1780 891 1820 esse
913 1784 989 1820 eius
1003 1782 1196 1832 templum.
1212 1785 1285 1820 Iam
1299 1796 1367 1821 nec

83 1834 298 1884 redemptor
320 1834 424 1871 nobis
439 1832 509 1871 effe
521 1838 640 1884 potest
663 1835 726 1871 mfi
745 1836 809 1885 qui
831 1849 873 1872 ex
898 1835 1055 1872 Abrahae
1075 1833 1302 1884 Dauidisque
1316 1835 1370 1872 se·-

85 1888 187 1924 mine
198 1885 511 1937 progenitus,vere
523 1884 716 1925 secundum
733 1901 879 1925 carnem
891 1887 1004 1924 homo
1019 1884 1135 1924 factus
1152 1888 1203 1925 fit.
1220 1892 1273 1925 Ac
1285 1902 1367 1938 per-

84 1952 210 1990 peram
224 1940 382 1976 inverbis
397 1939 564 1976 Iohannis
577 1940 931 1981 infistit,Sermonem
943 1937 1046 1977 fuisse
1058 1939 1193 1977 fastum
1206 1953 1367 1979 carnemt

82 1993 172 2042 quia
183 1991 268 2028 ficut
281 1992 443 2028 Nestorii
457 1994 570 2029 errori
585 2004 849 2032 occurrunt,ita
862 1995 1013 2043 impium
1029 1992 1099 2029 hoc
1112 2005 1368 2031 commentum

85 2047 184 2083 cuius
199 2041 335 2080 author
347 2041 416 2080 fuit
431 2041 964 2094 Eutyches,minimeadi1iuant
978 2073 987 2087 ,
1004 2058 1116 2096 quum
1132 2040 1367 2095 Euangelistae

86 2093 399 2198 Zonbaliudfuerit
418 2096 648 2147 propofitum
670 2095 777 2148 quam
789 2099 951 2148 personae
965 2100 1144 2136 vnitatem
1164 2095 1319 2137 afferere
1331 2101 1368 2136 in

99 2160 158 2186 ·ua
188 2161 226 2186 us
239 2160 389 2186 naturis.

208 2257 275 2302 Vt
284 2252 458 2311 fidamus
482 2256 665 2316 quorsnm
684 2255 817 2312 miffus
832 2255 964 2313 fixerit
986 2252 1160 2311 Christus
1183 2250 1209 2299 a}
1230 2259 1364 2311 Patre,

251 2319 417 2380 &quid
434 2319 544 2366 nobis
569 2322 773 2375 attulerit,
791 2326 872 2366 tria
886 2321 1128 2385 pottffimum
1150 2319 1363 2384 §fleHanda

249 2388 349 2492 ιέερ
379 2385 470 2441 effe,
485 2403 632 2432 munm
643 2385 954 2452 propheticum,
967 2402 1136 2449 regnum
1148 2391 1217 2443 ,ὠ
1226 2389 1360 2446 fhccr-

281 2462 420 2496 onum.
758 2462 760 2466 ’
1296 2457 1298 2460 ”
