1591 2775
199 60 259 98 316
551 54 759 93 LIBRI
814 39 1142 92 sEc'VNm

199 115 302 155 scunt
317 114 420 167 :quia
432 113 466 155 se
477 115 572 155 intra
594 116 811 155 obedientiae
822 114 911 156 fines
929 120 1129 156 continuit.
1150 119 1251 155 Nam
1264 118 1346 169 quia
1356 116 1487 158 mode·v

199 168 295 206 ratio
308 169 344 205 in
369 181 508 207 naturae
520 169 648 207 nostrae
668 168 934 220 deprauatione
947 172 1104 220 conspici
1126 184 1201 207 non
1216 173 1333 220 potest
1346 197 1355 214 ‚
1371 171 1433 208 vbi
1444 185 1488 208 o-

197 232 305 258 mnes
317 217 468 260 affectus
479 220 628 259 turbido
638 224 783 271 impetu
797 222 951 261 modum
964 222 1159 262 excedunt.
1181 221 1249 260 hac
1261 224 1343 261 vlna
1357 235 1491 274 perpe-

196 283 280 309 ram
293 273 498 312 metiuntur
507 273 641 312 Filium
655 275 741 312 Dei.
759 278 805 312 At
817 287 929 325 quum
942 276 1085 330 integer
1099 270 1201 317 esset,
1214 276 1249 312 in
1261 276 1396 313 cunctis
1411 277 1490 313 eius

196 321 390 363 affectibus
402 327 520 380 viguit
532 325 840 376 moderati0‚quae
853 324 1033 365 excessum
1046 326 1250 365 cohiberet.
1267 326 1371 365 Vnde
1383 327 1491 364 nobis

195 377 238 414 in
261 375 394 415 dolore
406 404 416 421 ‚
429 390 531 416 metu
546 381 580 415 8(
601 376 803 415 formidine
823 379 946 416 similis
970 378 1041 418 effe
1061 381 1186 431 potuit
1198 407 1207 422 ‚
1221 392 1259 417 vt
1269 392 1396 417 tamen
1421 378 1491 416 hac

196 441 290 467 nota
308 426 474 468 differret
489 458 498 466 .
522 430 696 468 ConuiCti
715 429 760 467 ad
779 430 879 469 aliud
898 432 1045 469 tandem
1070 431 1242 470 cauillum
1266 432 1491 470 tranfiliunt:

201 483 359 533 quanuis
370 493 531 520 mortem
556 483 720 520 timuerit
731 481 896 521 Christus
908 510 917 526 ‚
931 484 1228 522 maledictionem
1245 489 1276 521 St
1298 486 1389 521 iram
1402 483 1492 527 Dei,

199 531 221 572 ὲ
233 546 304 584 qua
316 532 352 571 se
373 546 493 572 tutum
509 531 581 571 effe
592 546 747 572 nouerat
760 562 769 577 ‚
784 549 859 571 non
873 533 1041 574 timuisse.
1064 537 1132 574 Sed
1144 537 1352 586 expendant
1371 538 1424 587 pii
1439 537 1496 572 le-

199 585 323 624 &ores
336 584 445 636 quam
468 584 717 624 honorificum
741 585 813 624 hoc
832 587 875 625 fit
890 587 1036 625 Christo
1051 615 1060 630 ‚
1075 589 1287 626 molliorem
1311 601 1354 627 ac
1373 590 1492 639 magis

200 638 466 676 meticulosum
479 633 585 677 fuiffe
606 636 715 690 quam
732 638 924 690 plerosque
938 643 1127 692 gregarios
1139 640 1323 679 homines.
1346 643 1495 680 Contu-

199 691 357 728 maciter
369 690 417 728 ad
428 702 588 728 mortem
602 703 806 742 properant
817 691 981 730 latrones
995 691 1133 742 aliique
1145 693 1397 732 maleficizeam
1412 692 1493 730 mul

200 744 229 780 ti
240 742 316 779 alto
328 744 456 779 animo
469 742 748 794 despiciuntzalii
761 741 902 794 placide
916 755 999 781 eam
1010 745 1166 782 obeunt.
1180 746 1264 783 Eius
1273 747 1427 783 horrore
1440 746 1494 783 Fi-

198 794 290 833 lium
301 796 373 832 Dei
386 792 495 833 fuiffe
509 795 715 846 perculsum
731 800 765 833 ὅτ.
788 792 906 848 prope
918 800 1119 835 attonitum
1134 823 1143 839 ,
1158 799 1259 835 cuius
1271 795 1392 836 fuisset
1404 810 1493 834 con·

198 847 337 886 stantiae
347 845 404 885 vel
426 846 708 900 magnitudinis?
721 848 842 901 Qod
863 850 960 886 enirn
982 848 1234 901 prodigiosum
1254 850 1388 887 censeri
1410 849 1488 887 vulss

198 911 251 954 go
264 893 444 949 posset,de
456 913 502 937 eo
513 898 1010 948 refertur‚praewelienientia
1027 903 1205 940 cruciatus
1215 914 1339 955 guttas
1350 903 1409 939 san
1439 903 1496 939 ui-

198 953 255 988 nis
268 964 312 989 ex
323 952 402 989 eius
412 949 508 990 facie
519 948 671 990 fluxiffe.
690 954 775 991 Nec
788 951 877 992 vero
892 954 1140 1005 spectaculum
1152 953 1224 992 hoc
1235 954 1388 1006 praebuit
1400 966 1420 991 a
1438 954 1494 990 io-

199 1016 284 1041 rum
295 1004 425 1054 oeulis,
436 1017 550 1055 quum
565 1005 602 1042 in
615 1011 751 1042 arcano
762 1002 903 1044 receffu
914 1010 1080 1059 gemitus
1092 1006 1175 1044 suos
1187 1005 1234 1045 ad
1246 1009 1391 1045 Patrem
1405 1005 1497 1042 diri-

198 1057 371 1108 geret.Et
382 1055 653 1095 dubitationem
666 1058 917 1110 eximit,quod
930 1060 1112 1113 Angelos,
1130 1061 1191 1107 qui
1204 1058 1349 1097 insolita
1360 1059 1502 1096 conso-

200 1109 348 1147 latione
355 1121 440 1147 eum
454 1105 683 1161 erigerent&
694 1110 783 1148 caelo
797 1110 1018 1154 descendere
1030 1109 1172 1149 necesse
1184 1111 1267 1150 fuit.
1279 1109 1410 1164 Qam
1423 1123 1499 1160 pu-

202 1159 376 1205 dendam
387 1159 603 1205 dixi‚fuiffet
613 1161 688 1200 haec
698 1162 891 1206 mollities,
910 1164 1071 1215 eousque
1084 1166 1247 1215 torqueri
1259 1165 1310 1202 ob
1323 1174 1496 1202 commu-

199 1213 254 1251 nis
268 1215 400 1251 mortis
414 1212 710 1258 formidinem‚vt
720 1215 918 1269 sanguineo
932 1216 1063 1254 sudore
1078 1215 1400 1267 difflueret‚neque
1410 1211 1496 1266 pos-

199 1267 253 1304 set
263 1267 420 1304 recreari
432 1265 496 1303 nisi
510 1271 538 1304 A
547 1266 746 1320 ngelorum
760 1268 972 1320 conspestu?
984 1268 1106 1320 Qid?
1117 1269 1181 1306 illa
1192 1271 1357 1320 precatio
1369 1279 1426 1306 ter
1438 1279 1495 1304 re-

33 1307 184 1343 M“²·²⁶·
200 1320 331 1371 petita,
347 1320 468 1363 Pater,
482 1318 507 1356 fi
519 1318 599 1357 fieri
610 1321 732 1370 potest
745 1346 755 1363 ‚
767 1320 926 1359 transeat
937 1322 957 1359 ἒ,
967 1335 1028 1359 me
1041 1321 1134 1359 calix
1147 1321 1212 1358 iste
1224 1349 1235 1366 ,
1247 1334 1370 1358 annon
1383 1333 1428 1357 ex
1440 1320 1497 1355 in-

33 1350 118 1400 '3’39
200 1370 368 1409 credibili
379 1371 625 1410 amaritudine
647 1374 763 1409 animi
777 1372 944 1424 profecta
955 1400 966 1418 ,
981 1372 1138 1412 ostendit
1149 1371 1311 1424 asperius
1329 1377 1362 1410 &
1374 1372 1496 1424 magis

199 1423 355 1462 arduum
369 1420 474 1462 fuisse
484 1423 630 1462 Christo
643 1437 832 1463 certarnen
845 1426 956 1477 quam
969 1438 1054 1464 cum
1068 1438 1190 1463 morte
1202 1427 1403 1462 communi.²
1422 1428 1496 1462 Vn-

201 1475 248 1514 de
260 1488 413 1527 apparet
436 1488 638 1527 nugatores
659 1477 746 1525 istos
761 1504 770 1521 ,
784 1490 868 1515 cum
885 1478 1016 1529 quibus
1039 1477 1181 1528 disputo
1193 1503 1203 1520 ,
1216 1477 1388 1516 audaeter
1410 1488 1498 1528 gar-

199 1532 273 1568 rire
283 1527 328 1566 de
346 1528 455 1567 rebus
468 1530 665 1581 incognitis
679 1543 688 1566 :
701 1531 785 1580 quia
798 1542 986 1581 nunquam
1001 1527 1103 1568 serio
1118 1541 1333 1581 reputarunt
1355 1528 1443 1579 quid
1454 1527 1502 1566 fit

201 1593 267 1620 aut
277 1580 399 1619 valeat
410 1595 476 1619 nos
492 1580 707 1632 redemtitos
721 1577 793 1620 esse
805 1580 824 1619 ὲ
839 1584 914 1620 Dei
926 1581 1072 1620 iudicio.
1088 1584 1200 1632 Atqui
1215 1582 1291 1619 haec
1302 1581 1428 1618 ‘nostra
1442 1580 1507 1624 sas

200 1635 344 1685 pientia
355 1634 406 1671 est
419 1661 430 1677 ,
444 1628 563 1684 probe
575 1634 707 1672 sentire
720 1636 1064 1686 quanticonstiterit
1075 1637 1146 1673 Dei
1158 1634 1250 1671 Filio
1261 1634 1382 1671 'nostra
1393 1632 1498 1684 salus.

203 1689 240 1723 Si
253 1699 349 1724 nunc
371 1699 483 1739 roget
495 1685 673 1737 quispiam
688 1713 699 1730 ,
712 1700 756 1724 an
770 1694 857 1725 tunc
875 1687 1105 1726 descenderit
1119 1687 1281 1725 Christus
1302 1684 1502 1733 ad'inferos

200 1752 318 1790 quum
334 1751 495 1777 mortem
508 1738 724 1790 deprecatus
740 1740 1011 1791 estzrefpondeo
1023 1740 1092 1777 hoc
1103 1737 1206 1778 fuiss‘e
1220 1737 1501 1778 exordium.vn-

201 1792 248 1829 de
261 1790 388 1844 colligi
403 1792 522 1843 potest
535 1789 646 1842 quam
658 1791 757 1829 diros
770 1796 805 1830 &z
819 1791 1015 1830 horribiles
1027 1795 1210 1832 cruciatus
1223 1786 1408 1841 perpessus
1420 1787 1500 1827 fue-
1518 1796 1521 1799 ’

201 1847 261 1887 rit,
278 1857 390 1896 quum
406 1844 441 1882 se
453 1843 498 1881 ad
513 1843 672 1893 tribunal
687 1847 759 1882 Dei
774 1858 878 1882 reum
895 1847 986 1883 stare
997 1844 1239 1898 cognosceret
1250 1843 1370 1879 nostra
1384 1841 1499 1880 causa.

202 1898 429 1949 Qanquam
442 1909 567 1934 autem
580 1895 654 1935 sese
667 1896 714 1934 ad
725 1910 963 1936 momentum
977 1898 1178 1935 occultauit
1193 1895 1316 1932 diuina
1329 1895 1377 1930 vis
1391 1894 1501 1943 Spiri-

135 1952 149 1970 ’·
202 1961 317 1992 tus,vt
332 1949 461 1987 locum
474 1947 682 1987 infirmitati
696 1950 812 1987 carnis
823 1948 1170 1988 cederetzscienclum
1183 1959 1305 1986 tamen
1321 1945 1369 1983 est
1383 1946 1502 1983 talem
1558 1973 1560 1976 >

175 2022 177 2025 ·
203 1997 309 2040 fuisse
332 2002 579 2039 tentationem
602 2015 645 2039 ex
659 2001 800 2039 doloris
825 2007 859 2040 δε
876 2014 995 2041 metus
1017 2002 1118 2039 sensu
1132 2013 1211 2051 quae
1231 2011 1314 2036 cum
1338 1996 1411 2035 fide
1424 2011 1502 2034 non

204 2066 400 2105 pugnaret.
427 2055 471 2091 Et
482 2053 555 2091 hoc
567 2052 682 2091 modo
705 2053 898 2106 impletum
914 2055 965 2092 est
984 2053 1084 2104 quod
1097 2053 1251 2090 habetur
1272 2053 1308 2087 in
1320 2051 1505 2088 concione

30 2102 105 2160 ‘Aa
121 2123 188 2159 Μ,
206 2109 327 2147 Petri,
342 2108 415 2143 non
429 2104 588 2156 potuiffe
611 2119 698 2144 eum
711 2109 831 2145 teneri
843 2105 864 2144 ὲ
884 2106 1076 2144 doloribus
1089 2106 1219 2142 mortis
1235 2105 1339 2154 :quia
1353 2101 1387 2139 se
1401 2101 1503 2152 quai}

34 2186 78 2219 24
109 2150 116 2158 ⁸
205 2158 423 2197 derelictum
438 2159 457 2196 ὲ
473 2161 559 2196 Deo
573 2159 732 2195 sentiens
745 2186 754 2201 ‚
771 2173 815 2197 ne
827 2159 1010 2197 tantillum
1026 2157 1170 2208 quidem
1185 2155 1337 2193 deflexit
1359 2152 1504 2192 {iboni-

206 2213 292 2250 tatis
306 2212 383 2249 eius
398 2209 541 2249 fiducia.
564 2210 686 2263 Qod
700 2210 809 2249 docet
821 2211 973 2248 celebris
987 2210 1051 2247 illa
1065 2211 1254 2247 inuocatio
1268 2234 1278 2251 ,
1292 2209 1327 2243 iu
1341 2219 1412 2258 qua
1430 2218 1505 2257 prae
1550 2232 1551 2235 η

30 2270 108 2300 Mat
119 2276 188 2309 .27.
208 2264 350 2302 ‘doloris
366 2263 604 2302 vehementia
617 2265 916 2308 clamauit,Deus
929 2267 1151 2305 meus,[)eus
1165 2274 1284 2302 meus,
1296 2271 1331 2295 vt
1341 2259 1427 2309 quid
1440 2259 1504 2295 de-

27 2317 106 2367 1247
206 2316 386 2368 reliquisti
401 2315 462 2353 me
476 2325 486 2354 ἓ
499 2319 601 2354 Nam
616 2316 678 2353 etfi
691 2314 796 2365 supra
811 2315 962 2353 modurn
976 2317 1137 2368 angitur,
1152 2324 1359 2351 nontamen
1375 2311 1505 2348 definit

62 2370 65 2373 ’
208 2382 341 2407 vocare
354 2371 477 2406 Deum
493 2367 633 2411 suumsst
646 2381 719 2417 quo
737 2371 771 2406 se
786 2366 1001 2405 derelictum
1015 2367 1328 2404 exclamat.Porro
1345 2363 1432 2401 hinc
1446 2375 1505 2400 te-

212 2422 354 2461 fell-‘tur
367 2434 442 2459 tam
460 2422 690 2473 Apollinaris
703 2416 931 2469 erronqufam
947 2432 1076 2458 eorum
1094 2421 1153 2470 qui
1170 2417 1432 2455 monothelita:
1447 2415 1506 2451 di-

210 2476 257 2520 sti
270 2474 435 2513 sunnine
450 2473 595 2512 Christo
609 2472 774 2525 fingebat
787 2474 951 2525 spiritum
964 2485 1141 2513 aeternum
1154 2468 1259 2510 fuisse
1271 2472 1392 2518 anime
1406 2469 1502 2510 vice,

1468 2531 1508 2558 vt
