1591 2775
218 20 290 70 ‘776
570 22 802 67 :LIBRI
855 22 1160 71 QVARTr

223 86 330 138 loqui
340 99 415 136 non
434 82 554 132 minus
566 99 815 139 opportunum
839 85 1066 137 illifitquarn
1088 85 1174 126 alibi
1186 97 1318 125 tacere.
1341 89 1505 131 Stantem

222 137 378 191 'quoque
388 152 493 177 orare
513 141 577 189 qui
589 139 723 176 morbo
745 140 942 190 impeditus
952 152 1102 177 curuare
1125 151 1246 192 genua
1257 142 1401 190 nequit,
1413 139 1503 179 nihil

222 194 338 229 vera't.
353 193 527 243 Denique
539 190 641 230 satius
656 192 706 229 est
720 189 860 230 mature
873 190 1023 229 humare
1035 187 1348 242 mortuurmquam
1363 191 1424 229 vbi
1436 191 1504 229 lin-

227 242 328 282 teum
340 242 437 294 deest
448 270 459 287 ,
473 244 534 281 vbi
545 258 619 282 non
630 243 754 282 adsunt
766 246 826 295 qui
840 244 1032 286 deducant,
1052 244 1242 294 expectare
1254 243 1340 281 dum
1353 243 1504 287 inhuma

222 308 281 334 tus
294 295 484 346 'putrescat-
496 297 565 334 Sed
579 298 628 334 est
641 295 879 334 nihilominus
892 299 927 333 in
941 297 1012 332 istis
1024 294 1132 333 rebus
1143 295 1240 345 quod
1250 295 1429 348 agendum
1442 308 1504 335 aut

223 347 431 385 'cauendum
444 345 525 385 mos
537 347 969 399 regionis‚instituta,ipsa
984 347 1143 398 denique
1153 346 1357 385 humanitas
1371 351 1406 384 &
1419 361 1504 385 mo-

222 398 341 437 destiae
353 400 477 452 regula
489 401 614 438 diffitet:
629 400 687 436 vbi
700 400 726 437 {i
739 400 981 450 imprudentia
996 404 1029 437 δε
1045 400 1236 437 obliuione
1247 398 1333 451 quid
1344 411 1506 438 erratum

223 451 350 502 fuerit,
363 453 504 490 nullum
516 449 709 495 admissum
722 456 858 489 crimen
872 454 942 489 est:
957 452 1008 501 fin
1021 465 1250 502 contemptu,
1265 450 1506 503 improbanda
1539 454 1545 459 '⁴

223 505 275 541 est
285 507 526 542 contumacia.
539 504 712 542 Similiter
723 504 796 541 dies
809 504 873 554 ipfi
888 506 947 553 qui
958 505 1024 551 finr
1035 531 1045 547 ‚
1062 509 1097 542 &
1111 502 1209 541 horae
1221 531 1230 545 ‚
1244 517 1323 553 quae
1335 503 1506 541 locorum

223 553 421 607 structura,
435 558 495 607 qui
510 570 583 606 quo
606 555 664 592 die
677 569 851 593 canantur
865 556 995 593 Psalmi
1010 583 1020 599 ‚
1033 556 1122 593 nihil
1135 557 1294 594 interest.
1317 552 1452 593 Verum
1469 560 1506 594 St

222 620 344 645 certos
356 609 430 645 dies
443 615 477 646 δε
491 610 593 645 statas
612 605 685 645 esse
710 607 818 644 horas
830 607 1025 651 conuenit}
1040 613 1073 646 3<
1088 608 1215 645 locum
1235 608 1450 656 recipiendis
1462 621 1506 645 o-

222 659 371 697 mnibus
384 660 672 710 idoneum,fiqua
687 660 867 697 seruandae
879 662 974 710 pacis
989 661 1082 697 ratio
1094 658 1264 697 habetur.
1277 661 1375 697 Nam
1389 673 1506 710 quan-

221 713 340 750 rarum
363 715 518 750 rixarum
540 711 666 749 semen
680 711 799 750 futura
822 712 863 749 fit
875 724 999 749 earum
1024 724 1146 749 rerum
1159 711 1321 749 confufio
1335 738 1345 752 ,
1360 711 1383 748 fi
1395 723 1506 762 prout

222 765 353 812 'cuique
364 763 510 801 libitum
523 762 565 801 fit
576 791 585 806 ,
599 776 742 801 mutare
755 763 866 801 liceat
889 777 968 814 quae
976 762 1022 800 ad
1034 776 1269 800 communem
1281 765 1409 801 starum
1422 776 1505 814 per-

224 817 360 852 tinent?
374 816 518 866 quando
531 828 715 866 nunquam
728 814 892 854 futurum
908 816 958 852 est
976 827 1012 852 vt
1024 814 1193 852 omnibus
1204 815 1298 852 idem
1313 815 1462 864 placeat,
1477 814 1504 856 fi

221 877 280 903 res
299 867 401 905 velut
420 871 457 904 in
478 868 604 905 medio
625 868 772 918 pofitae,
788 867 1010 919 singulorum
1033 867 1186 904 arbitrio
1209 866 1343 904 relictae
1360 864 1504 905 fuerint.

225 915 348 970 Qod
363 919 467 970 siquis
479 920 667 971 obstrepat
689 924 724 957 &
737 920 817 970 plus
829 922 954 971 sapere
971 917 1030 956 hic
1049 918 1136 956 velit
1145 917 1252 969 quam
1266 932 1436 969 oportet,
1453 920 1506 956 vi-

222 970 317 1008 derit
327 970 404 1022 ipse
419 985 489 1022 qua
499 973 752 1010 morositatem
765 974 864 1009 suam
878 974 1021 1009 ratione
1033 973 1201 1008 Domino
1213 970 1406 1021 approbet.
1423 973 1507 1008 No-

54 1035 205 1069 1.Cor.11.
222 1023 276 1061 bis
288 1036 413 1061 tamen
432 1024 522 1062 istud
535 1025 638 1061 Pauli
659 1022 863 1062 satisfacere
874 1024 982 1062 debet
994 1050 1003 1066 ,
1017 1035 1083 1061 n'os
1097 1022 1338 1061 contendendi
1358 1034 1504 1073 morem

47 1089 119 1125 e‚16

225 1089 302 1113 non
315 1075 583 1127 habere‚neque
596 1077 766 1114 Ecclefias
779 1077 866 1113 Dei.

275 1142 315 1176 32
367 1126 480 1165 Porro
494 1128 637 1166 summa
654 1128 841 1181 diligentia
862 1128 1152 1166 incumbendum
1165 1128 1214 1165 est
1234 1129 1359 1177 nequis
1370 1130 1506 1178 irrepat

224 1192 324 1218 error
337 1205 346 1222 ,
360 1182 421 1230 qui
435 1193 566 1230 purum
577 1179 673 1217 hunc
687 1184 785 1218 vium
801 1180 858 1217 vel
871 1181 1007 1218 inficiat
1018 1180 1073 1218 vel
1088 1181 1270 1218 obscuret.
1288 1181 1407 1232 Qod
1420 1183 1508 1230 qui-

222 1232 305 1269 dem
322 1232 549 1270 obtinebitur
570 1233 595 1269 fi
608 1245 831 1283 quaecunque
854 1246 959 1270 erunt
978 1233 1254 1271 obseruationes
1275 1230 1502 1269 manifestam

221 1284 417 1322 vtilitatem
429 1298 500 1333 prae
514 1283 548 1320 se
561 1282 720 1323 ferant.fi
734 1282 941 1334 parciffimae
950 1282 1430 1333 admittantur:potiffimum
1442 1297 1502 1321 ve-

221 1335 266 1374 ro
287 1336 312 1372 fi
330 1335 475 1373 accedat
496 1335 610 1373 fidelis
638 1337 789 1373 Pastoris
811 1336 976 1373 doctrina
997 1363 1006 1378 ‚
1029 1350 1107 1387 quae
1132 1339 1246 1387 prauis
1268 1336 1502 1386 opinionibus

220 1391 320 1425 'viam
332 1387 540 1438 praecludat.
554 1389 643 1426 Haec
655 1396 778 1424 autem
791 1390 956 1441 cognitio
970 1388 1054 1426 facit
1068 1401 1103 1426 vt
1119 1390 1177 1426 sua
1190 1391 1321 1439 cuique
1333 1390 1367 1425 in
1380 1387 1432 1425 his
1446 1401 1502 1425 re-

221 1440 288 1477 bus
298 1441 468 1478 omnibus
481 1440 629 1477 libertas
644 1441 802 1483 constet,
819 1445 851 1477 &
867 1441 1049 1491 quandam
1069 1440 1310 1478 nihilominus
1326 1441 1394 1478 suae
1407 1441 1501 1493 quis-

221 1505 292 1543 que
304 1491 464 1529 libertati
476 1490 724 1529 necessitatem
738 1493 832 1529 vltro
844 1494 1020 1542 imponar,
1037 1505 1169 1542 quaten
1176 1505 1214 1528 us
1226 1504 1288 1529 aut
1298 1492 1390 1530 illud
1401 1491 1502 1542 quod

220 1546 378 1581 diximus
399 1544 548 1586 ’τὸπρέπον
563 1570 571 1586 ,
584 1556 645 1581 ant
657 1544 837 1581 charitatis
861 1547 957 1581 ratio
973 1549 1109 1596 exiget.
1130 1543 1273 1582 Deinde
1283 1556 1321 1582 vt
1343 1546 1426 1581 &in
1438 1556 1499 1580 ea-

218 1609 298 1633 rum
314 1608 434 1632 rerum
447 1594 704 1632 obseruatione
719 1596 816 1633 nulla
831 1597 1079 1645 superstitione
1090 1596 1424 1646 versemuripsi,uec
1435 1609 1500 1633 mo

217 1646 299 1684 rose
312 1644 467 1685 nimium
481 1646 593 1697 ipsam
606 1649 651 1685 ab
667 1648 742 1684 aliis
757 1651 1000 1697 requiramus,
1015 1661 1058 1685 ne
1071 1651 1255 1696 potiorem
1270 1651 1340 1686 Dei
1355 1648 1497 1686 cultum

219 1702 513 1737 ceremoniarum
527 1699 759 1737 multitudine
770 1702 1000 1743 aestimemus,
1017 1714 1062 1738 ne
1077 1701 1230 1737 Ecclesia
1241 1700 1432 1738 Ecclesiam
1445 1700 1496 1744 ob

219 1764 380 1790 externae
392 1751 587 1801 disciplinae
599 1756 810 1789 varietatem
824 1750 1219 1790 cotemnarPostremo
1234 1765 1271 1790 vt
1285 1753 1420 1790 nullam
1436 1750 1496 1789 hic

214 1816 430 1854 perpetuam
443 1802 562 1854 legem
589 1804 696 1841 nobis
710 1805 906 1842 statuentes
921 1832 930 1846 ,
944 1818 1062 1842 totum
1078 1804 1373 1843 obseruationum
1394 1806 1496 1842 vsu'm

217 1860 253 1892 &
266 1854 378 1894 finem
399 1856 445 1893 ad
466 1855 626 1894 Ecclefiae
646 1855 925 1894 aedificationem
949 1856 1146 1894 referamus
1159 1883 1168 1899 ,
1182 1869 1252 1906 qua
1271 1856 1493 1908 postulante,

216 1921 287 1944 non
301 1907 413 1946 modo
437 1909 568 1944 mutari
581 1907 737 1957 aliquid,
753 1907 808 1945 sed
822 1909 991 1958 quicquid
1011 1906 1144 1946 anteiri
1167 1909 1226 1946 vsu
1241 1907 1348 1946 nobis
1370 1908 1495 1947 obser-

210 1962 360 1998 uationfi
373 1960 507 2001 fueriti,
523 1962 655 1997 inuerti
680 1960 778 1998 nulla
792 1960 992 1999 offenfione
1005 1959 1176 1998 feramus.
1189 1962 1275 1998 Hoc
1286 1965 1383 1998 enim
1395 1960 1496 1998 ferre

207 2022 419 2062 temporum
440 2014 622 2049 rationem
642 2025 679 2050 vt
704 2026 791 2051 ritus
812 2012 983 2062 quosdam
998 2027 1093 2055 ‚non
1115 2015 1245 2063 impios
1266 2014 1401 2062 alioqui
1425 2024 1492 2050 nec

207 2062 490 2115 indecoros,pro
503 2066 552 2100 rei
567 2067 844 2114 opportunitate
855 2065 1026 2118 abrogari
1040 2067 1240 2107 conueniat,
1253 2064 1417 2114 praesenti
1430 2077 1494 2102 ex-

206 2117 416 2164 perimento
431 2117 479 2154 est
492 2116 567 2153 haec
577 2119 874 2168 aetas.Nam(quae
887 2119 1111 2170 superiorum
1124 2129 1335 2167 temporum
1350 2119 1492 2154 caecitas

207 2165 278 2219 fuir
292 2172 325 2205 &
343 2169 577 2221 ignorantia)
595 2181 669 2205 ram
681 2181 853 2218 corrupta
876 2172 1052 2221 opinione
1065 2166 1213 2219 uimque
1236 2171 1405 2217 pertinaci
1417 2170 1491 2208 stu-

205 2220 267 2255 dio
282 2222 438 2258 antehac
452 2224 485 2257 in
497 2223 716 2258 ceremoniis
731 2219 906 2258 haeserunt
920 2222 1136 2262 Eccleliae‚vt
1148 2223 1205 2258 vix
1219 2219 1300 2258 satis
1314 2233 1492 2274 repurga-

202 2273 232 2307 ri
246 2269 266 2308 Ξι
288 2273 502 2324 prodigiofis
525 2273 835 2322 superstitionibus
856 2286 1010 2323 queant,
1026 2277 1111 2325 quin
1125 2273 1248 2310 multae
1271 2276 1489 2310 ceremoniae

201 2325 464 2368 tollanturmec
474 2326 536 2364 abs
550 2337 589 2363 re
600 2325 691 2363 olim
702 2322 800 2364 forte
810 2326 990 2370 institutae,
1007 2331 1038 2364 δε
1053 2325 1150 2364 nulla
1162 2338 1225 2376 per
1236 2325 1269 2364 se
1281 2326 1477 2377 impietate

197 2375 399 2418 notabilem

202 2433 207 2444 '
1419 2431 1480 2469 De
