1606 2775
106 1463 240 1508 Iesa.40

103 1526 167 1553 ωε

276 33 320 75 72
680 30 891 71 L1'13R1
943 0 1183 72 13R1M1

275 105 399 132 tamen
410 92 464 132 isti
476 93 912 148 oppugnant,dostrinam
925 109 992 148 pro
1003 93 1167 134 confeffo
1182 96 1287 136 sumit
1299 96 1345 136 ab
1357 96 1483 138 vltima
1496 98 1560 140 affl

278 147 446 193 tiquitate
466 146 539 184 line
552 147 802 185 controuerfia
823 145 927 185 fuiffe
950 161 1146 199 receptam.
1173 151 1306 200 Neque
1331 162 1455 189 tamen
1469 152 1559 203 quid

277 194 362 236 ante
375 194 576 236 docuissent
588 198 645 235 alii
659 224 669 241 ,
682 199 798 247 ipsum
814 196 956 238 latuisse
968 227 979 243 ,
992 202 1047 238 vel
1063 214 1106 238 ex
1119 215 1192 239 vno
1206 201 1318 238 verbo
1331 205 1481 245 constat,
1496 204 1558 242 vbi

278 249 411 287 dicitin
425 252 529 287 Patre
543 245 611 287 esse
624 251 886 293 vnitatem‚lib.
902 255 961 289 De
974 251 1140 292 dostrina
1152 253 1351 291 Christiana
1367 258 1551 305 primo‚an

278 305 441 354 garrient
460 303 509 339 sui
526 314 610 340 tunc
626 297 728 339 fuisse
740 303 897 340 oblitum
913 313 924 341 ἓ
952 308 1060 355 Atqui
1075 305 1164 342 alibi
1177 306 1220 342 ab
1241 304 1310 342 hac
1323 308 1504 344 calumnia
1522 309 1557 345 se

278 366 411 406 purgat
423 381 432 397 ,
446 354 506 391 vbi
522 356 664 392 Patrem
678 366 783 391 vocat
795 358 1012 406 principium
1026 360 1137 394 totius
1149 357 1288 395 deitatis
1301 384 1310 400 ,
1324 360 1407 406 quia
1418 357 1437 395 Ξι
1450 359 1556 405 nullo

278 407 342 450 est,
355 406 555 457 prudenter
567 406 700 443 scilicet
712 406 897 455 expendes
909 408 1108 459 specialiter
1122 411 1217 446 Patri
1228 408 1380 446 adscribi
1395 413 1470 447 Dei
1483 424 1556 447 no-

276 471 377 500 rnen,
392 456 490 508 quod
508 459 570 495 nifi
581 457 626 495 ab
639 459 716 507 ipso
730 456 791 496 fiat
803 461 946 497 initium
959 487 968 502 ‚
982 464 1125 511 concipi
1139 474 1296 510 nequeat
1308 461 1459 512 simplex
1472 463 1549 500 Dei

276 514 409 548 vnitas.
434 512 503 547 His
514 515 624 547 etiam
636 509 783 547 demum
797 536 807 553 ,
823 523 857 548 vt
870 511 972 562 spero
985 539 994 552 ,
1010 511 1182 562 agnoscet
1196 515 1274 563 pius
1287 513 1402 550 lector
1413 527 1548 551 omnes

277 562 479 601 calumnias
503 558 690 604 discussas,
705 562 831 611 quibus
844 565 951 600 Satan
964 563 1138 602 hactenus
1161 578 1288 614 puram
1312 564 1484 603 doetrinae
1506 565 1552 604 fi-

276 614 360 652 dem
378 627 589 665 peruertere
599 614 656 652 vel
667 614 915 652 obtenebrare
926 616 1077 654 molitus
1094 618 1154 654 est.
1167 619 1340 665 Denique
1359 628 1473 654 totam
1487 617 1556 657 hu-

275 670 331 705 ius
344 666 516 703 doitrinae
528 666 706 703 summam
720 665 875 704 fideliter
886 664 959 704 ess'e
971 668 1186 718 explicatam
1200 667 1389 712 confid0,fi
1405 669 1554 719 quidem

275 719 428 756 modum
441 719 636 756 curiositati
649 720 840 768 imponant
861 718 1016 756 lectores
1029 746 1038 761 ,
1053 733 1119 758 nec
1130 721 1298 758 molestas
1314 725 1347 758 δε
1363 721 1552 770 perplexas

273 770 531 820 disputationes
547 767 705 819 cupidius
721 769 829 820 quam
842 783 903 822 par
914 771 1035 812 s1t.fibi
1048 771 1244 810 accersant.
1262 775 1360 810 Nam
1375 785 1465 821 quos
1480 774 1551 811 ob-

276 824 385 862 lectat
401 822 603 872 speculandi
616 823 850 870 intemperies
865 850 872 863 ‚
887 819 1034 859 minime
1046 823 1241 874 placandos
1253 823 1414 874 suscipio.
1440 823 1552 862 Certe

275 875 368 912 nihil
385 873 498 911 astute
513 877 667 923 ptaeterii
681 874 779 923 quod
791 875 880 911 mihi
902 875 1091 913 aduersum
1105 871 1176 912 effe
1187 888 1354 924 putarem
1369 891 1376 913 :
1391 876 1452 913 sed
1465 879 1551 914 dum

276 927 437 966 Ecclefiae
451 924 677 963 aedificationi
698 926 824 963 studeo
837 953 846 968 ,
865 927 977 963 multa
993 941 1065 964 non
1081 932 1264 979 attingere
1278 928 1473 967 consultius
1495 931 1552 965 vi-

275 984 353 1017 sum
368 980 511 1028 est‚quae
526 982 559 1015 δε
575 991 701 1025 parum
715 973 938 1025 prodessent,
956 983 988 1015 ὅς
1006 980 1159 1016 lectores
1171 992 1367 1031 grauarent
1382 980 1551 1029 superua-

275 1045 342 1077 cua
355 1030 526 1068 molestia.
551 1030 655 1081 Qid
668 1032 763 1066 enim
775 1031 952 1081 disputare
963 1034 1094 1069 attinet
1115 1045 1159 1068 an
1173 1032 1310 1081 semper
1321 1045 1473 1085 generet
1484 1034 1550 1070 Pa-

275 1096 331 1122 ter
346 1111 355 1126 ,
370 1081 516 1134 quando
530 1081 631 1119 stulte
644 1080 794 1135 fingitur
805 1086 995 1121 continuus
1009 1083 1109 1121 actus
1120 1083 1317 1135 generanch
1330 1111 1339 1128 ‚
1354 1097 1397 1121 ex
1414 1097 1488 1135 quo
1501 1086 1567 1122 li·-

274 1147 364 1188 quet
376 1135 422 1172 ab
431 1146 567 1172 aeterno
582 1146 654 1171 tres
665 1138 699 1170 in
714 1137 796 1171 Deo
809 1134 978 1185 personas
995 1133 1200 1172 substitille?

419 1191 472 1231 ln
497 1185 579 1249 zpsci
606 1192 727 1231 etiam
748 1186 891 1230 mundi
918 1189 967 1235 ὠ·
988 1203 1118 1232 rerum
1143 1191 1323 1232 omnium
1344 1191 1546 1235 creatione

492 1255 740 1313 Scripturam
761 1252 872 1295 certis
892 1252 994 1296 notis
1014 1251 1226 1299 discernere
1240 1269 1381 1298 verum
1404 1256 1544 1297 Deum

488 1313 683 1377 dfiffln'zis.
1216 1333 1347 1363 CAP.
1385 1335 1540 1364 x1111.

353 1444 355 1446 v
391 1407 422 1443 ὐ
453 1408 477 1431 ν
498 1407 522 1432 A
542 1406 567 1431 N
587 1408 660 1446 <ky
678 1407 703 1432 A
726 1409 755 1433 M
773 1393 946 1433 falsorum
959 1393 1112 1434 deorum
1126 1395 1329 1433 cultoribus
1344 1395 1544 1434 socordiam

318 1475 321 1478 »
341 1416 395 1506 ”gl
443 1444 576 1485 merito
592 1448 785 1497 exprobrat
807 1450 935 1487 Iesaias
947 1474 957 1490 ,
972 1446 1069 1497 quod
1082 1461 1124 1485 ex
1141 1460 1242 1485 terrae
1256 1448 1500 1486 fundamentis
1511 1454 1544 1486 δε

402 1506 424 1523 ³
445 1500 612 1537 caelorum
625 1500 761 1538 ambitu
775 1502 822 1536 n6
837 1499 1021 1537 didicerint
1031 1500 1191 1549 quisnam
1206 1498 1292 1536 effer
1305 1513 1408 1538 verus
1423 1503 1540 1539 Deus:

268 1567 348 1603 qnae
361 1565 484 1589 tamen
497 1553 545 1588 est
558 1553 692 1603 ingenii
711 1553 822 1589 nostri
835 1551 982 1589 tarditas
997 1555 1029 1588 8(
1045 1550 1245 1591 hebetudo,
1262 1550 1397 1589 necesse
1411 1552 1543 1595 fuit,ne

268 1607 311 1643 ad
330 1605 505 1642 Gentium
519 1603 695 1655 figmenta
718 1604 922 1641 defluerent
942 1603 1064 1641 fideles
1078 1631 1087 1646 ‚
1101 1601 1298 1654 exprcffius
1312 1604 1380 1641 illis
1394 1604 1542 1657 depingi

263 1670 389 1695 vetum
405 1659 543 1694 Deum.
556 1658 653 1694 Nam
666 1669 777 1706 quum
792 1654 945 1694 euanida
959 1656 999 1693 fit
1012 1670 1089 1703 quae
1100 1656 1196 1706 apud
1213 1656 1451 1705 Philosophos
1465 1669 1543 1693 ma-

264 1705 365 1748 xime
382 1708 580 1746 tolerabilis
595 1708 748 1746 liabetur
761 1705 954 1758 descriptio
965 1734 975 1751 ,
993 1709 1115 1745 Deum
1138 1721 1300 1746 mentem
1314 1706 1384 1745 effe
1397 1707 1536 1746 mundi:

264 1763 382 1813 ipsum
406 1760 614 1798 familiarius
638 1758 775 1797 anobis
797 1759 972 1813 cognosci
995 1761 1275 1811 operaepretium
1298 1761 1349 1798 est
1363 1786 1372 1802 ‚
1388 1773 1432 1797 ne
1444 1759 1539 1797 sem-

265 1828 328 1865 per
349 1816 383 1850 in
397 1813 574 1864 ambiguo
597 1812 815 1850 vacillemus.
842 1816 969 1862 Itaque
989 1811 1174 1849 historiam
1193 1813 1386 1849 creationis
1413 1825 1537 1849 extare

263 1867 382 1904 voluit
395 1893 402 1908 ,
414 1867 473 1902 cui
490 1868 611 1902 innixa
628 1865 788 1901 Ecclesia:
807 1863 895 1901 fides
909 1878 982 1901 non
995 1864 1106 1901 alium
1125 1867 1242 1901 Deum
1257 1876 1455 1914 quaereret,
1473 1863 1538 1902 niss

262 1919 322 1968 qui
337 1917 541 1968 propositus
554 1918 603 1954 est
623 1914 642 1954 a
664 1916 770 1954 Mose
783 1914 909 1965 opifex
930 1916 1104 1954 mundi&
1120 1915 1301 1952 conditor.
1325 1915 1403 1951 Illic
1415 1913 1535 1965 primo

263 1982 434 2008 notarum
449 1971 501 2007 est
526 1981 667 2019 tempus
682 1995 690 2011 ‚
711 1980 746 2006 vt
761 1970 933 2006 continua
954 1967 1132 2006 annorum
1150 1967 1238 2004 serie
1259 1965 1383 2004 fideles
1405 1966 1451 2004 ad
1463 1969 1536 2018 pri-

261 2035 362 2060 mam
386 2021 535 2058 humani
549 2023 693 2073 generis
716 2025 749 2057 &
769 2033 890 2058 rerum
910 2023 1075 2057 omnium
1092 2021 1274 2071 originem
1288 2021 1534 2069 peruenirent.

261 2087 340 2124 quae
353 2086 433 2123 appr
443 2070 514 2110 ime
527 2072 623 2110 vtilis
638 2075 689 2110 est
701 2075 867 2126 cognitio
879 2099 889 2115 ‚
901 2086 975 2109 non
991 2067 1130 2109 tantum
1147 2084 1183 2107 vt
1203 2070 1415 2123 prodigiosis
1427 2069 1535 2108 fabu-

262 2128 304 2165 lis
319 2153 329 2168 ‚
343 2127 466 2175 quaein
479 2130 638 2178 AEgypto
653 2129 684 2162 &
711 2125 789 2161 aliis
810 2135 911 2161 terrae
920 2124 1033 2176 plagis
1047 2124 1135 2159 olim
1156 2118 1322 2175 graffatae
1342 2122 1421 2160 sunt
1433 2150 1442 2166 ,
1459 2122 1533 2160 ob-

248 2171 358 2216 xuiam
373 2190 489 2220 eatur,
504 2176 562 2214 sed
573 2179 682 2214 etiam
694 2188 732 2213 vt
744 2178 900 2229 cognito
911 2174 1036 2212 mundi
1051 2175 1201 2211 exordio
1212 2199 1222 2215 ‚
1239 2171 1366 2212 clarius
1388 2174 1533 2214 eluceat

260 2233 332 2269 Dei
345 2231 528 2268 aeternitas
543 2256 551 2272 ‚
565 2228 702 2279 no'lique
715 2231 748 2264 in
762 2230 812 2265 sui
826 2227 1107 2265 admirationem
1120 2228 1235 2276 tnagis
1248 2228 1373 2277 rapiat.
1395 2228 1532 2276 Neque

259 2280 345 2321 vero
359 2294 508 2319 mouere
529 2295 595 2318 nos
609 2282 718 2317 debet
739 2278 888 2330 profana
901 2278 960 2316 illa
974 2279 1201 2316 subsannatio
1215 2305 1224 2319 ,
1238 2281 1373 2315 mirum
1387 2273 1457 2315 effe
1469 2291 1532 2315 cur

259 2349 334 2373 non
347 2330 450 2372 citius
464 2334 600 2370 venerit
615 2335 696 2370 Deo
708 2334 742 2368 in
756 2344 934 2372 mentem,
946 2331 1070 2368 caelum
1086 2334 1120 2367 &
1132 2343 1263 2367 terram
1278 2330 1434 2367 condere
1445 2355 1455 2372 ,
1470 2329 1531 2367 sed

260 2383 625 2425 otiosusimmensum
639 2386 792 2435 spatium
807 2384 1052 2434 praeterfluere
1069 2381 1303 2431 fiuerit‚quod
1316 2394 1400 2420 ante
1417 2382 1533 2431 pluri<
1585 2399 1589 2404 ·

257 2452 320 2478 ma
340 2451 491 2478 ,aetatum
510 2436 626 2476 rmlh'a
648 2434 790 2475 efficere
799 2431 917 2488 posset
929 2449 940 2488 J
954 2447 1065 2487 quum
1075 2433 1125 2474 ad
1144 2432 1204 2474 sex
1216 2446 1392 2473 annorum
1414 2433 1529 2523 mgllia

1367 2499 1443 2525 non
1471 2497 1533 2524 um
