1591 2775
440 24 686 72 CAPVT
741 25 891 64 XVI.
1298 23 1352 60 ni

57 89 230 140 eeffinte',
245 93 333 134 dum
343 93 479 145 aliquid
493 93 571 132 vult
584 79 813 142 permittere,
829 90 890 128 vbi
902 88 1051 130 actualis
1065 92 1123 140 (vt
1133 86 1183 127 {ta
1196 86 1349 139 loquar)

62 151 235 188 voluntas
252 147 452 188 intercedit,
464 158 543 196 quae
553 146 696 196 alioqui
708 158 783 182 non
797 141 919 195 poffet
931 145 1067 195 censeri
1078 139 1197 179 causa.

113 216 135 245 9
187 202 384 252 Qloniarn
397 211 521 235 tamen
534 194 644 250 longe
656 196 750 234 infra
766 196 1001 247 prouidentiae
1024 196 1097 232 Dei
1108 193 1349 232 altitudinem

59 253 206 291 sublidit
218 253 351 290 mentis
367 252 495 289 nostrae
505 249 653 287 tarditas
666 276 675 292 ,
688 249 895 287 adhibenda
918 249 967 286 est
981 261 1062 298 quae
1085 260 1167 284 eam
1183 246 1350 284 subleuet

57 306 258 343 distiustio,
273 307 400 341 Dicam
415 305 538 353 igitur,
555 313 737 352 vtcunque
749 301 963 339 ordinentur
975 301 1102 337 omnia
1113 301 1183 336 Dei
1197 298 1348 335 confilio

60 362 98 395 &
111 370 212 396 certa
227 356 493 407 dispensatione
507 381 518 397 ,
531 354 638 391 nobis
652 367 775 391 tamen
790 351 862 391 esse
874 352 1039 391 fortuita.
1061 365 1136 390 non
1151 349 1249 402 quod
1259 353 1351 388 For-

60 422 189 448 tunam
202 421 414 459 reputemus
430 406 566 443 mundo
578 418 618 443 ac
629 405 847 444 hominibus
859 406 1064 446 dominari,
1078 402 1292 454 temereque
1304 417 1349 439 o·

60 464 159 500 mnia
170 458 311 499 sursum
325 460 496 497 deorsum
510 458 692 496 volutare:
707 456 848 506 (abesse
863 461 959 497 enirn
972 456 992 495 ὲ
1003 456 1208 495 Christiano
1222 456 1353 507 pedro-

57 528 99 552 re
111 513 216 551 decet
229 512 320 550 hanc
346 511 592 556 vecordiam.)
614 512 674 548 sed
698 515 870 561 quoniam
901 524 1031 548 eorum
1053 523 1132 560 quae
1155 511 1346 550 eueniunt,
1476 513 1502 543 ’Φ

57 567 151 604 ordo
163 593 172 610 ,
186 567 291 608 ratio,
303 560 606 608 finismeceffitas,
619 576 655 600 vt
669 562 868 614 plurimum
882 566 919 601 in
933 566 1003 600 Dei
1017 563 1172 600 confilio
1186 561 1296 604 latet,
1312 566 1348 599 δε

57 618 221 657 humana
242 619 422 669 opinione
443 630 520 654 non
539 615 843 667 apprehenditur,
873 616 975 667 quali
995 615 1148 653 fortuita
1169 614 1248 652 sunt
1267 626 1349 666 quae

57 683 200 709 certum
215 671 264 707 est
280 684 323 708 ex
337 672 409 707 Dei
421 669 615 707 voluntate
628 673 836 720 prouenire.
857 672 948 707 Non
972 670 1069 706 enim
1093 668 1204 705 aliani
1217 668 1351 717 imagi-

45 735 147 762 nem
158 736 230 774 prae
243 723 277 760 se
291 722 416 760 ferunt
429 748 438 764 ,
452 734 512 759 aut
524 723 558 758 in
574 733 705 758 natura
716 721 775 760 sua
801 721 1032 760 considerarae
1043 748 1053 763 ‚
1070 733 1134 759 aut
1147 719 1350 758 secundum

59 777 236 814 notitiam
256 776 415 813 nostram
440 771 693 825 iudiciumque
724 775 917 812 aestimatae.
936 775 1130 827 Fingamus
1157 800 1166 816 ‚
1188 772 1349 824 exempli

89 830 192 870 racia,
210 840 473 870 mercatorem,
487 828 551 878 qui
564 826 702 877 syluam
716 825 888 879 ingressus
901 839 985 865 cum
999 827 1174 863 comitatu
1189 823 1351 865 fidorum

43 840 543 932 {ominumstmprudenter
565 875 584 915 3.
606 879 709 916 sociis
731 881 898 923 aberret,
915 880 992 930 ipso
1016 891 1140 916 errore
1161 877 1352 917 feraturin

60 933 268 984 spoliarium
283 958 293 976 ,
309 930 444 970 incidat
457 934 491 968 in
505 931 680 974 latrones,
695 933 730 970 iu
762 934 894 970 uletur.
908 933 1014 968 Mors
1029 933 1103 968 eius
1115 945 1189 968 non
1204 927 1353 969 tantum

58 988 135 1023 Dei
151 985 261 1023 oculo
274 984 436 1035 proeuisa,
453 982 510 1021 sed
523 983 676 1021 decreto
688 984 736 1020 sta
767 984 845 1021 ilita
861 983 988 1021 fuerat.
1005 985 1092 1021 Non
1107 986 1205 1022 enim
1220 984 1352 1022 dicitur

59 1033 261 1090 praeuidiffe
273 1049 448 1088 quantum
472 1033 645 1087 cuiusque
664 1036 737 1073 vita
762 1035 1049 1086 protenderetur
1063 1062 1072 1077 ,
1090 1035 1149 1072 sed
1172 1039 1351 1074 terminos

59 1088 284 1129 constituisse
297 1081 467 1126 acfixiffe
479 1089 540 1139 qui
551 1089 717 1140 preteriri
730 1102 803 1125 non
820 1089 1212 1139 poterunt.Qntum
1227 1101 1349 1126 tamen
1366 1067 1425 1106 1⁰1¹
1437 1081 1489 1119 ¹4·

59 1144 198 1181 mentis
214 1142 342 1180 nostrae
357 1152 482 1190 captus
494 1139 749 1192 apprehendit,
767 1143 896 1178 onmia
909 1140 983 1177 illic
997 1138 1145 1178 fortuita
1160 1154 1350 1192 apparent.
1363 1135 1415 1171 ‘²¹5

60 1194 173 1246 Qid
187 1193 244 1231 hic
261 1194 392 1231 sentiet
404 1192 780 1244 Christianus?nempe
793 1193 966 1244 quicquid
983 1194 1020 1229 in
1034 1206 1156 1230 morte
1171 1192 1376 1232 eiusmodi·

58 1244 274 1290 interceffir,
293 1244 452 1283 fortuitu
465 1257 651 1290 natura,vt
665 1245 1209 1296 est,reputabit,prouidentiam
1226 1259 1351 1286 tamen

60 1301 134 1339 Dei
150 1295 328 1351 praefuisse
342 1312 418 1335 non
430 1296 611 1336 dubitabit
623 1297 669 1336 ad
681 1296 868 1336 fortunam
884 1300 921 1335 in
936 1298 1040 1336 suum
1063 1297 1174 1336 finem
1190 1298 1353 1351 dirigen-

58 1352 160 1390 dam.
176 1352 316 1389 Eadem
327 1353 378 1388 est
391 1352 486 1388 ratio
498 1348 704 1389 futurorum
728 1352 1004 1404 contingentiae.
1016 1352 1151 1389 Futura
1173 1365 1299 1389 omnia
1313 1366 1352 1392 vt

62 1406 199 1444 incerta
210 1403 315 1441 nobis
329 1402 411 1441 sunt
424 1430 433 1447 ‚
449 1404 497 1441 ita
510 1406 544 1441 in
559 1402 729 1455 suspenso
743 1402 922 1441 habemus
943 1432 950 1445 ,
964 1403 1033 1442 acfi
1048 1407 1206 1441 vtranuis
1221 1406 1255 1441 in
1270 1418 1352 1455 par-

62 1469 137 1495 tem
153 1456 332 1508 propensa
347 1454 480 1493 forent.
495 1456 627 1494 Manet
640 1468 762 1494 tamen
785 1455 1025 1494 nihilominus
1040 1457 1206 1494 cordibus
1221 1460 1351 1496 nostris

51 1508 216 1548 ,infixum
229 1537 239 1553 ‚
262 1508 351 1546 nihil
365 1520 588 1547 euenturum
609 1508 706 1561 quod
729 1523 804 1547 non
827 1510 1016 1547 Dominus
1028 1511 1109 1556 ,iam
1132 1510 1347 1560 prouiderit.

62 1563 150 1600 Hoc
165 1561 266 1601 sensu
278 1561 371 1612 apud
384 1560 616 1600 Ecclefiasten
632 1562 721 1612 [Repe
733 1558 913 1613 repetitur
935 1576 1074 1600 nomen
1088 1567 1350 1615 euentus:quia

62 1615 333 1666 primointuitu
346 1627 422 1651 non
447 1626 636 1664 penetrant
658 1614 828 1653 homines
840 1614 886 1653 ad
909 1616 1065 1666 primam
1091 1616 1229 1653 causam
1245 1643 1254 1659 ,
1270 1629 1351 1667 quae

63 1667 192 1718 procul
206 1665 419 1707 abscondita
432 1667 543 1703 estAEr
556 1679 679 1704 tamen
693 1679 878 1716 nunquam
891 1669 943 1705 ita
960 1668 1125 1706 deletum
1143 1666 1209 1705 fuit
1221 1682 1265 1705 ex
1279 1670 1348 1706 ho-

61 1720 208 1757 minum
221 1718 393 1756 cordibus
406 1718 507 1769 quod
518 1718 561 1755 de
575 1718 719 1757 occulta
742 1721 816 1757 Dei
837 1719 1070 1770 prouidentia
1090 1720 1277 1770 proditum
1292 1720 1348 1760 'est

62 1773 99 1808 in
114 1772 302 1822 Scripturis
315 1798 324 1815 ,
339 1772 428 1820 quin
440 1765 582 1821 semper
602 1772 780 1810 micarent
800 1772 1008 1810 intenebris
1031 1772 1158 1823 alique:
1171 1772 1345 1812 scintillat.

63 1826 120 1861 Sic
131 1823 428 1862 Philisthinorum
443 1836 600 1877 augures
615 1850 625 1868 ,
637 1825 788 1874 quanuis
800 1825 969 1878 ambigui
982 1827 1149 1864 vacillent
1163 1854 1171 1868 ,
1189 1829 1275 1864 Deo
1290 1840 1345 1866 ta*

43 1890 148 1925 *rnen
166 1876 296 1928 partim
309 1875 501 1915 aduersum
516 1875 636 1916 casum
657 1876 821 1920 tribuunt
834 1881 987 1928 ,partim
1009 1877 1179 1917 fortunae.
1201 1882 1342 1924 Siarca,
1367 1882 1497 1919 τῶν»,

62 1930 233 1978 inquiunt
246 1955 256 1971 ,
270 1929 448 1967 tranfierit
471 1942 536 1980 per
548 1931 645 1967 viam
663 1929 763 1967 illam
776 1956 786 1973 ,
799 1931 951 1968 sciemus
976 1935 1098 1975 Deum
1114 1928 1183 1970 esse
1203 1935 1343 1983 quinos
1365 1930 1466 1975 6·b·9

63 1979 246 2032 perculsit:
261 1981 310 2026 fin
321 1981 414 2019 vero
427 1994 489 2032 per
500 1982 629 2023 alterfi,
643 1980 740 2019 casur
754 1980 821 2021 fuit
836 1982 940 2033 super
953 1998 1032 2021 ηος.
1048 1980 1164 2023 Stulte
1178 1985 1344 2036 quidem,

64 2033 131 2072 vbi
142 2047 210 2071 nos
223 2033 314 2072 fallit
326 2033 569 2077 diuinatio,ad
581 2032 771 2083 fortunam
786 2033 1164 2088 confugiunt:interea
1178 2038 1346 2078 videmus

63 2098 129 2124 eos
142 2087 337 2141 constringi
351 2114 361 2130 ,
374 2100 420 2125 ne
432 2086 588 2125 audeant
599 2086 697 2138 quod
709 2081 906 2126 infeliciter
916 2089 986 2127 illis
1008 2091 1188 2128 acciderat
1211 2089 1347 2131 fortui-

63 2150 142 2177 tum
155 2151 296 2190 putare.
308 2136 490 2177 Caeterum
501 2139 692 2191 quomodo
715 2140 954 2190 prouidentiae
975 2142 1168 2181 suaefra’no
1190 2158 1346 2185 euentus

63 2190 248 2242 quossibet
259 2192 296 2229 in
309 2205 553 2243 quancunque
565 2192 642 2231 vult
654 2206 795 2244 partem
807 2192 928 2231 fleuat
941 2197 1039 2234 Deus
1053 2223 1062 2239 ‚
1076 2197 1205 2250 infigni
1218 2211 1346 2237 exem-

91 2243 129 2280 lo
151 2243 316 2294 liquebit.
343 2245 434 2283 Ecce
456 2244 589 2283 eodem
612 2246 768 2284 articulo
800 2249 978 2296 temporis·
1001 2263 1076 2299 quo
1097 2250 1346 2298 deprehensus

85 2308 183 2333 uerat
203 2295 376 2334 Dauidin
393 2295 534 2335 deserto
559 2297 702 2335 Mahon
716 2324 727 2341 ,
744 2300 987 2349 irruptionem
1012 2301 1152 2342 faciunt
1165 2302 1344 2345 Philistini
1364 2322 1391 2348 1.
1427 2319 1503 2352 Sam

65 2347 105 2383 in
119 2360 277 2386 terram:
293 2350 441 2401 cogitur
457 2349 540 2387 Saul
559 2348 755 2388 discedere.
770 2358 804 2392 Si
817 2353 920 2389 Deus
936 2379 946 2397 ‚
962 2354 1064 2392 saluti
1077 2354 1169 2393 serui
1191 2352 1242 2393 sui
1254 2371 1340 2397 con-
1365 2345 1517 2412 23·d‚26:

67 2398 185 2438 sulere
199 2399 327 2439 volens
339 2428 349 2444 ,
366 2402 679 2452 impedimentum
701 2403 772 2441 hoc
784 2405 883 2442 Sauli
895 2406 1038 2445 obiecit
1052 2435 1061 2449 ,
1076 2405 1175 2447 certe
1188 2421 1342 2460 quanui‘s
1366 2429 1412 2463 27

65 2450 214 2503 repente
243 2467 374 2509 praeter
396 2454 591 2510 hominum
612 2458 828 2512 opinionem
848 2470 952 2499 arma
972 2464 1136 2513 ceperint
1151 2464 1340 2512 Philistini,
