<?xml version="1.0" encoding="UTF-8"?>
<!DOCTYPE html PUBLIC "-//W3C//DTD XHTML 1.0 Transitional//EN"
    "http://www.w3.org/TR/xhtml1/DTD/xhtml1-transitional.dtd">
<html xmlns="http://www.w3.org/1999/xhtml" xml:lang="en" lang="en">
 <head>
  <title>
</title>
<meta http-equiv="Content-Type" content="text/html;charset=utf-8" />
  <meta name='ocr-system' content='tesseract 3.04.00' />
  <meta name='ocr-capabilities' content='ocr_page ocr_carea ocr_par ocr_line ocrx_word'/>
</head>
<body>
  <div class='ocr_page' id='page_1' title='image "./institutiochrist00calv_0928.png"; bbox 0 0 1591 2775; ppageno 0'>
   <div class='ocr_carea' id='block_1_1' title="bbox 224 0 1503 118">
    <p class='ocr_par' dir='ltr' id='par_1_1' title="bbox 224 0 1503 118">
     <span class='ocr_line' id='line_1_1' title="bbox 228 0 1155 52; baseline 0.006 -18"><span class='ocrx_word' id='word_1_1' title='bbox 228 3 300 41; x_wconf 81' lang='lat'>890</span> <span class='ocrx_word' id='word_1_2' title='bbox 586 0 801 38; x_wconf 82' lang='lat' dir='ltr'>LIBRI</span> <span class='ocrx_word' id='word_1_3' title='bbox 854 0 1155 52; x_wconf 68' lang='lat' dir='ltr'>QVARTI</span> 
     </span>
     <span class='ocr_line' id='line_1_2' title="bbox 224 57 1503 118; baseline 0.006 -21"><span class='ocrx_word' id='word_1_4' title='bbox 224 57 472 112; x_wconf 70' lang='lat' dir='ltr'>perfruamur.</span> <span class='ocrx_word' id='word_1_5' title='bbox 485 63 584 99; x_wconf 86' lang='lat' dir='ltr'>Nam</span> <span class='ocrx_word' id='word_1_6' title='bbox 598 64 742 101; x_wconf 76' lang='lat' dir='ltr'>tametsi</span> <span class='ocrx_word' id='word_1_7' title='bbox 753 76 893 102; x_wconf 90' lang='lat' dir='ltr'>carnem</span> <span class='ocrx_word' id='word_1_8' title='bbox 909 63 1009 102; x_wconf 83' lang='lat' dir='ltr'>suam</span> <span class='ocrx_word' id='word_1_9' title='bbox 1020 62 1039 102; x_wconf 72' lang='grc' dir='ltr'>Ξ</span> <span class='ocrx_word' id='word_1_10' title='bbox 1051 65 1154 103; x_wconf 89' lang='lat' dir='ltr'>nobis</span> <span class='ocrx_word' id='word_1_11' title='bbox 1169 62 1358 108; x_wconf 61' lang='lat' dir='ltr'>sustulinec</span> <span class='ocrx_word' id='word_1_12' title='bbox 1369 62 1503 118; x_wconf 70' lang='lat' dir='ltr'>corpo-‘-</span> 
     </span>
    </p>
   </div>
   <div class='ocr_carea' id='block_1_2' title="bbox 226 107 1576 161">
    <p class='ocr_par' dir='ltr' id='par_1_2' title="bbox 226 107 1576 161">
     <span class='ocr_line' id='line_1_3' title="bbox 226 107 1576 161; baseline 0.006 -13"><span class='ocrx_word' id='word_1_13' title='bbox 226 125 269 149; x_wconf 75' lang='lat' dir='ltr'>xe</span> <span class='ocrx_word' id='word_1_14' title='bbox 282 113 319 148; x_wconf 88' lang='lat' dir='ltr'>in</span> <span class='ocrx_word' id='word_1_15' title='bbox 333 113 457 150; x_wconf 82' lang='lat' dir='ltr'>caelum</span> <span class='ocrx_word' id='word_1_16' title='bbox 470 112 625 152; x_wconf 74' lang='lat' dir='ltr'>ascendit</span> <span class='ocrx_word' id='word_1_17' title='bbox 636 142 646 159; x_wconf 89' lang='lat'>,</span> <span class='ocrx_word' id='word_1_18' title='bbox 657 114 705 153; x_wconf 87' lang='lat' dir='ltr'>ad</span> <span class='ocrx_word' id='word_1_19' title='bbox 715 115 899 153; x_wconf 82' lang='lat' dir='ltr'>dexteram</span> <span class='ocrx_word' id='word_1_20' title='bbox 913 128 1031 154; x_wconf 80' lang='lat' dir='ltr'>tamen</span> <span class='ocrx_word' id='word_1_21' title='bbox 1045 119 1158 155; x_wconf 83' lang='lat' dir='ltr'>Patris</span> <span class='ocrx_word' id='word_1_22' title='bbox 1171 116 1287 155; x_wconf 85' lang='lat' dir='ltr'>sedet:</span> <span class='ocrx_word' id='word_1_23' title='bbox 1302 117 1374 156; x_wconf 91' lang='lat' dir='ltr'>hoc</span> <span class='ocrx_word' id='word_1_24' title='bbox 1388 119 1450 161; x_wconf 81' lang='lat' dir='ltr'>est,</span> <span class='ocrx_word' id='word_1_25' title='bbox 1462 121 1501 156; x_wconf 84' lang='lat' dir='ltr'>in</span> <span class='ocrx_word' id='word_1_26' title='bbox 1551 118 1553 120; x_wconf 71' lang='grc'>’</span> <span class='ocrx_word' id='word_1_27' title='bbox 1573 107 1576 110; x_wconf 35' lang='lat'><strong>⁴</strong></span> 
     </span>
    </p>
   </div>
   <div class='ocr_carea' id='block_1_3' title="bbox 172 166 1569 2406">
    <p class='ocr_par' dir='ltr' id='par_1_3' title="bbox 223 166 1569 671">
     <span class='ocr_line' id='line_1_4' title="bbox 224 166 1500 253; baseline 0.007 -54"><span class='ocrx_word' id='word_1_28' title='bbox 224 167 396 253; x_wconf 69' lang='lat' dir='ltr'>potentia</span> <span class='ocrx_word' id='word_1_29' title='bbox 412 170 445 202; x_wconf 68' lang='grc'>8(</span> <span class='ocrx_word' id='word_1_30' title='bbox 456 166 643 204; x_wconf 86' lang='lat' dir='ltr'>maiestate</span> <span class='ocrx_word' id='word_1_31' title='bbox 656 171 690 204; x_wconf 66' lang='grc' dir='ltr'>ἃ</span> <span class='ocrx_word' id='word_1_32' title='bbox 703 167 822 222; x_wconf 79' lang='lat' dir='ltr'>gloria</span> <span class='ocrx_word' id='word_1_33' title='bbox 836 170 945 206; x_wconf 86' lang='lat' dir='ltr'>Patris</span> <span class='ocrx_word' id='word_1_34' title='bbox 957 181 1098 216; x_wconf 71' lang='lat' dir='ltr'>regnat.</span> <span class='ocrx_word' id='word_1_35' title='bbox 1109 169 1194 207; x_wconf 88' lang='lat' dir='ltr'>Hoc</span> <span class='ocrx_word' id='word_1_36' title='bbox 1205 182 1356 221; x_wconf 83' lang='lat' dir='ltr'>regnum</span> <span class='ocrx_word' id='word_1_37' title='bbox 1368 183 1434 207; x_wconf 90' lang='lat' dir='ltr'>nec</span> <span class='ocrx_word' id='word_1_38' title='bbox 1447 171 1500 208; x_wconf 87' lang='lat' dir='ltr'>vl-</span> 
     </span>
     <span class='ocr_line' id='line_1_5' title="bbox 245 215 1503 267; baseline 0.006 -15"><span class='ocrx_word' id='word_1_39' title='bbox 245 218 273 253; x_wconf 76' lang='lat' dir='ltr'>is</span> <span class='ocrx_word' id='word_1_40' title='bbox 283 215 453 254; x_wconf 92' lang='lat' dir='ltr'>locorum</span> <span class='ocrx_word' id='word_1_41' title='bbox 468 217 586 267; x_wconf 88' lang='lat' dir='ltr'>spatiis</span> <span class='ocrx_word' id='word_1_42' title='bbox 597 219 795 257; x_wconf 84' lang='lat' dir='ltr'>limitatum</span> <span class='ocrx_word' id='word_1_43' title='bbox 810 247 819 262; x_wconf 89' lang='lat'>,</span> <span class='ocrx_word' id='word_1_44' title='bbox 834 233 898 258; x_wconf 91' lang='lat' dir='ltr'>nec</span> <span class='ocrx_word' id='word_1_45' title='bbox 910 220 988 258; x_wconf 87' lang='lat' dir='ltr'>vllis</span> <span class='ocrx_word' id='word_1_46' title='bbox 1001 221 1281 258; x_wconf 79' lang='lat' dir='ltr'>dimensionibus</span> <span class='ocrx_word' id='word_1_47' title='bbox 1292 223 1503 265; x_wconf 84' lang='lat' dir='ltr'>circunscri-</span> 
     </span>
     <span class='ocr_line' id='line_1_6' title="bbox 223 269 1502 323; baseline 0.005 -19"><span class='ocrx_word' id='word_1_48' title='bbox 223 279 348 318; x_wconf 81' lang='lat' dir='ltr'>ptum,</span> <span class='ocrx_word' id='word_1_49' title='bbox 362 272 448 319; x_wconf 91' lang='lat' dir='ltr'>quin</span> <span class='ocrx_word' id='word_1_50' title='bbox 461 269 620 308; x_wconf 87' lang='lat' dir='ltr'>Christus</span> <span class='ocrx_word' id='word_1_51' title='bbox 635 273 805 309; x_wconf 89' lang='lat' dir='ltr'>virtutem</span> <span class='ocrx_word' id='word_1_52' title='bbox 821 271 931 314; x_wconf 83' lang='lat' dir='ltr'>suam,</span> <span class='ocrx_word' id='word_1_53' title='bbox 947 273 1149 323; x_wconf 84' lang='lat' dir='ltr'>vbicunque</span> <span class='ocrx_word' id='word_1_54' title='bbox 1162 272 1349 322; x_wconf 82' lang='lat' dir='ltr'>placuerit,</span> <span class='ocrx_word' id='word_1_55' title='bbox 1364 275 1400 310; x_wconf 91' lang='lat' dir='ltr'>in</span> <span class='ocrx_word' id='word_1_56' title='bbox 1412 272 1502 311; x_wconf 84' lang='lat' dir='ltr'>caelo</span> 
     </span>
     <span class='ocr_line' id='line_1_7' title="bbox 227 322 1501 375; baseline 0.004 -17"><span class='ocrx_word' id='word_1_57' title='bbox 227 324 265 358; x_wconf 80' lang='lat'>&amp;</span> <span class='ocrx_word' id='word_1_58' title='bbox 277 322 314 356; x_wconf 86' lang='lat' dir='ltr'>in</span> <span class='ocrx_word' id='word_1_59' title='bbox 325 332 420 357; x_wconf 87' lang='lat' dir='ltr'>terra</span> <span class='ocrx_word' id='word_1_60' title='bbox 431 334 568 360; x_wconf 83' lang='lat' dir='ltr'>exerat:</span> <span class='ocrx_word' id='word_1_61' title='bbox 580 323 663 371; x_wconf 89' lang='lat' dir='ltr'>quin</span> <span class='ocrx_word' id='word_1_62' title='bbox 677 322 713 360; x_wconf 89' lang='lat' dir='ltr'>se</span> <span class='ocrx_word' id='word_1_63' title='bbox 723 323 931 373; x_wconf 83' lang='lat' dir='ltr'>praesentem</span> <span class='ocrx_word' id='word_1_64' title='bbox 946 326 1108 375; x_wconf 78' lang='lat' dir='ltr'>porentia</span> <span class='ocrx_word' id='word_1_65' title='bbox 1120 329 1154 362; x_wconf 68' lang='grc' dir='ltr'>ὅ(</span> <span class='ocrx_word' id='word_1_66' title='bbox 1170 327 1302 362; x_wconf 83' lang='lat' dir='ltr'>virtute</span> <span class='ocrx_word' id='word_1_67' title='bbox 1314 323 1501 363; x_wconf 81' lang='lat' dir='ltr'>exhibeat:</span> 
     </span>
     <span class='ocr_line' id='line_1_8' title="bbox 228 371 1503 426; baseline 0.005 -18"><span class='ocrx_word' id='word_1_68' title='bbox 228 373 316 421; x_wconf 88' lang='lat' dir='ltr'>quin</span> <span class='ocrx_word' id='word_1_69' title='bbox 328 371 393 410; x_wconf 92' lang='lat' dir='ltr'>suis</span> <span class='ocrx_word' id='word_1_70' title='bbox 407 372 547 423; x_wconf 85' lang='lat' dir='ltr'>semper</span> <span class='ocrx_word' id='word_1_71' title='bbox 557 374 656 418; x_wconf 79' lang='lat' dir='ltr'>adiit,</span> <span class='ocrx_word' id='word_1_72' title='bbox 670 376 778 412; x_wconf 87' lang='lat' dir='ltr'>viram</span> <span class='ocrx_word' id='word_1_73' title='bbox 792 376 871 425; x_wconf 83' lang='lat' dir='ltr'>ipfis</span> <span class='ocrx_word' id='word_1_74' title='bbox 885 376 980 413; x_wconf 86' lang='lat' dir='ltr'>suam</span> <span class='ocrx_word' id='word_1_75' title='bbox 992 377 1166 426; x_wconf 85' lang='lat' dir='ltr'>inspirans</span> <span class='ocrx_word' id='word_1_76' title='bbox 1177 403 1187 420; x_wconf 93' lang='lat'>,</span> <span class='ocrx_word' id='word_1_77' title='bbox 1199 380 1235 414; x_wconf 89' lang='lat' dir='ltr'>in</span> <span class='ocrx_word' id='word_1_78' title='bbox 1248 379 1289 414; x_wconf 82' lang='lat' dir='ltr'>iis</span> <span class='ocrx_word' id='word_1_79' title='bbox 1301 377 1398 414; x_wconf 81' lang='lat' dir='ltr'>viuat</span> <span class='ocrx_word' id='word_1_80' title='bbox 1410 402 1420 419; x_wconf 93' lang='lat'>‚</span> <span class='ocrx_word' id='word_1_81' title='bbox 1438 390 1503 415; x_wconf 92' lang='lat' dir='ltr'>eos</span> 
     </span>
     <span class='ocr_line' id='line_1_9' title="bbox 226 423 1569 479; baseline 0.006 -20"><span class='ocrx_word' id='word_1_82' title='bbox 226 423 618 468; x_wconf 87' lang='lat' dir='ltr'>sustineat‚confirmet‚</span> <span class='ocrx_word' id='word_1_83' title='bbox 637 439 797 479; x_wconf 86' lang='lat' dir='ltr'>vegetet,</span> <span class='ocrx_word' id='word_1_84' title='bbox 811 425 1000 466; x_wconf 86' lang='lat' dir='ltr'>conseruet</span> <span class='ocrx_word' id='word_1_85' title='bbox 1012 430 1227 470; x_wconf 68' lang='lat' dir='ltr'>incolumes,</span> <span class='ocrx_word' id='word_1_86' title='bbox 1241 442 1314 465; x_wconf 82' lang='lat' dir='ltr'>non</span> <span class='ocrx_word' id='word_1_87' title='bbox 1326 427 1425 466; x_wconf 90' lang='lat' dir='ltr'>secus</span> <span class='ocrx_word' id='word_1_88' title='bbox 1434 429 1504 467; x_wconf 68' lang='lat' dir='ltr'>acti</span> <span class='ocrx_word' id='word_1_89' title='bbox 1561 437 1569 448; x_wconf 88' lang='lat'><strong>¹</strong></span> 
     </span>
     <span class='ocr_line' id='line_1_10' title="bbox 225 475 1507 531; baseline 0.005 -18"><span class='ocrx_word' id='word_1_90' title='bbox 225 487 383 526; x_wconf 81' lang='lat' dir='ltr'>corpore</span> <span class='ocrx_word' id='word_1_91' title='bbox 393 475 525 515; x_wconf 73' lang='lat' dir='ltr'>adesset</span> <span class='ocrx_word' id='word_1_92' title='bbox 539 494 548 515; x_wconf 69' lang='grc' dir='ltr'>ε</span> <span class='ocrx_word' id='word_1_93' title='bbox 560 479 645 527; x_wconf 89' lang='lat' dir='ltr'>quin</span> <span class='ocrx_word' id='word_1_94' title='bbox 658 479 814 528; x_wconf 82' lang='lat' dir='ltr'>denique</span> <span class='ocrx_word' id='word_1_95' title='bbox 836 478 1016 530; x_wconf 84' lang='lat' dir='ltr'>suoipfius</span> <span class='ocrx_word' id='word_1_96' title='bbox 1039 493 1191 530; x_wconf 88' lang='lat' dir='ltr'>corpore</span> <span class='ocrx_word' id='word_1_97' title='bbox 1205 495 1268 518; x_wconf 87' lang='lat' dir='ltr'>eos</span> <span class='ocrx_word' id='word_1_98' title='bbox 1289 481 1405 531; x_wconf 87' lang='lat' dir='ltr'>pascat</span> <span class='ocrx_word' id='word_1_99' title='bbox 1417 507 1428 523; x_wconf 88' lang='lat'>,</span> <span class='ocrx_word' id='word_1_100' title='bbox 1441 494 1507 520; x_wconf 87' lang='lat' dir='ltr'>cu·-</span> 
     </span>
     <span class='ocr_line' id='line_1_11' title="bbox 224 531 1505 581; baseline 0.004 -16"><span class='ocrx_word' id='word_1_101' title='bbox 224 540 282 566; x_wconf 78' lang='lat' dir='ltr'>ius</span> <span class='ocrx_word' id='word_1_102' title='bbox 294 532 597 568; x_wconf 80' lang='lat' dir='ltr'>communionem</span> <span class='ocrx_word' id='word_1_103' title='bbox 617 531 765 581; x_wconf 84' lang='lat' dir='ltr'>Spiritus</span> <span class='ocrx_word' id='word_1_104' title='bbox 778 532 831 568; x_wconf 83' lang='lat' dir='ltr'>sui</span> <span class='ocrx_word' id='word_1_105' title='bbox 843 534 975 570; x_wconf 84' lang='lat' dir='ltr'>virtute</span> <span class='ocrx_word' id='word_1_106' title='bbox 998 533 1033 567; x_wconf 90' lang='lat' dir='ltr'>in</span> <span class='ocrx_word' id='word_1_107' title='bbox 1049 545 1111 570; x_wconf 87' lang='lat' dir='ltr'>eos</span> <span class='ocrx_word' id='word_1_108' title='bbox 1125 532 1351 571; x_wconf 84' lang='lat' dir='ltr'>transfundit.</span> <span class='ocrx_word' id='word_1_109' title='bbox 1371 535 1505 570; x_wconf 86' lang='lat' dir='ltr'>Secun—</span> 
     </span>
     <span class='ocr_line' id='line_1_12' title="bbox 224 580 1504 635; baseline 0.003 -18"><span class='ocrx_word' id='word_1_110' title='bbox 224 580 311 618; x_wconf 89' lang='lat' dir='ltr'>dum</span> <span class='ocrx_word' id='word_1_111' title='bbox 323 580 414 618; x_wconf 82' lang='lat' dir='ltr'>hanc</span> <span class='ocrx_word' id='word_1_112' title='bbox 425 585 604 619; x_wconf 87' lang='lat' dir='ltr'>rationem</span> <span class='ocrx_word' id='word_1_113' title='bbox 617 609 627 625; x_wconf 89' lang='lat'><strong><em>‚</em></strong></span> <span class='ocrx_word' id='word_1_114' title='bbox 641 595 770 634; x_wconf 86' lang='lat' dir='ltr'>corpus</span> <span class='ocrx_word' id='word_1_115' title='bbox 784 586 817 620; x_wconf 87' lang='lat'>&amp;</span> <span class='ocrx_word' id='word_1_116' title='bbox 839 582 982 635; x_wconf 82' lang='lat' dir='ltr'>sanguis</span> <span class='ocrx_word' id='word_1_117' title='bbox 996 583 1126 622; x_wconf 81' lang='lat' dir='ltr'>Christi</span> <span class='ocrx_word' id='word_1_118' title='bbox 1147 599 1182 622; x_wconf 86' lang='lat' dir='ltr'>m</span> <span class='ocrx_word' id='word_1_119' title='bbox 1195 586 1424 623; x_wconf 78' lang='lat' dir='ltr'>sacramento</span> <span class='ocrx_word' id='word_1_120' title='bbox 1435 598 1504 622; x_wconf 84' lang='lat' dir='ltr'>no-</span> 
     </span>
     <span class='ocr_line' id='line_1_13' title="bbox 224 631 496 671; baseline 0.004 -2"><span class='ocrx_word' id='word_1_121' title='bbox 224 631 280 669; x_wconf 86' lang='lat' dir='ltr'>bis</span> <span class='ocrx_word' id='word_1_122' title='bbox 292 631 496 671; x_wconf 82' lang='lat' dir='ltr'>exhibetur.</span> 
     </span>
    </p>

    <p class='ocr_par' dir='ltr' id='par_1_4' title="bbox 172 684 1511 2250">
     <span class='ocr_line' id='line_1_14' title="bbox 277 684 1505 739; baseline 0.004 -18"><span class='ocrx_word' id='word_1_123' title='bbox 277 696 313 726; x_wconf 90' lang='lat'>19</span> <span class='ocrx_word' id='word_1_124' title='bbox 367 686 447 722; x_wconf 83' lang='lat' dir='ltr'>Nos</span> <span class='ocrx_word' id='word_1_125' title='bbox 462 684 549 722; x_wconf 73' lang='lat' dir='ltr'>verb</span> <span class='ocrx_word' id='word_1_126' title='bbox 564 686 675 723; x_wconf 88' lang='lat' dir='ltr'>talem</span> <span class='ocrx_word' id='word_1_127' title='bbox 688 685 816 730; x_wconf 73' lang='lat' dir='ltr'>Christi</span> <span class='ocrx_word' id='word_1_128' title='bbox 830 686 1051 738; x_wconf 84' lang='lat' dir='ltr'>praesentiam</span> <span class='ocrx_word' id='word_1_129' title='bbox 1064 690 1101 725; x_wconf 88' lang='lat' dir='ltr'>in</span> <span class='ocrx_word' id='word_1_130' title='bbox 1117 688 1234 727; x_wconf 87' lang='lat' dir='ltr'>Coena</span> <span class='ocrx_word' id='word_1_131' title='bbox 1247 689 1397 727; x_wconf 85' lang='lat' dir='ltr'>statuere</span> <span class='ocrx_word' id='word_1_132' title='bbox 1408 701 1505 739; x_wconf 85' lang='lat' dir='ltr'>opor</span> 
     </span>
     <span class='ocr_line' id='line_1_15' title="bbox 226 733 1504 792; baseline 0.003 -18"><span class='ocrx_word' id='word_1_133' title='bbox 226 747 281 774; x_wconf 81' lang='lat' dir='ltr'>tet</span> <span class='ocrx_word' id='word_1_134' title='bbox 292 750 368 786; x_wconf 84' lang='lat' dir='ltr'>qua:</span> <span class='ocrx_word' id='word_1_135' title='bbox 380 750 444 774; x_wconf 92' lang='lat' dir='ltr'>nec</span> <span class='ocrx_word' id='word_1_136' title='bbox 456 741 555 788; x_wconf 88' lang='lat' dir='ltr'>panis</span> <span class='ocrx_word' id='word_1_137' title='bbox 576 739 760 777; x_wconf 89' lang='lat' dir='ltr'>elemento</span> <span class='ocrx_word' id='word_1_138' title='bbox 773 733 885 788; x_wconf 85' lang='lat' dir='ltr'>ipsum</span> <span class='ocrx_word' id='word_1_139' title='bbox 899 738 1020 792; x_wconf 82' lang='lat' dir='ltr'>affigat</span> <span class='ocrx_word' id='word_1_140' title='bbox 1034 768 1043 784; x_wconf 89' lang='lat'><strong>‚</strong></span> <span class='ocrx_word' id='word_1_141' title='bbox 1057 743 1172 778; x_wconf 89' lang='lat' dir='ltr'>necin</span> <span class='ocrx_word' id='word_1_142' title='bbox 1186 754 1318 791; x_wconf 88' lang='lat' dir='ltr'>panem</span> <span class='ocrx_word' id='word_1_143' title='bbox 1330 740 1504 784; x_wconf 85' lang='lat' dir='ltr'>includat,</span> 
     </span>
     <span class='ocr_line' id='line_1_16' title="bbox 226 789 1503 845; baseline 0.004 -20"><span class='ocrx_word' id='word_1_144' title='bbox 226 801 296 826; x_wconf 85' lang='lat' dir='ltr'>nec</span> <span class='ocrx_word' id='word_1_145' title='bbox 310 789 383 825; x_wconf 88' lang='lat' dir='ltr'>vllo</span> <span class='ocrx_word' id='word_1_146' title='bbox 406 789 520 826; x_wconf 89' lang='lat' dir='ltr'>modo</span> <span class='ocrx_word' id='word_1_147' title='bbox 542 791 797 828; x_wconf 87' lang='lat' dir='ltr'>circunscribat</span> <span class='ocrx_word' id='word_1_148' title='bbox 811 794 825 839; x_wconf 94' lang='lat'>(</span> <span class='ocrx_word' id='word_1_149' title='bbox 839 805 918 842; x_wconf 83' lang='lat' dir='ltr'>quae</span> <span class='ocrx_word' id='word_1_150' title='bbox 937 796 1060 830; x_wconf 88' lang='lat' dir='ltr'>omnia</span> <span class='ocrx_word' id='word_1_151' title='bbox 1082 793 1264 845; x_wconf 82' lang='lat' dir='ltr'>derogare</span> <span class='ocrx_word' id='word_1_152' title='bbox 1287 793 1414 830; x_wconf 84' lang='lat' dir='ltr'>caelesti</span> <span class='ocrx_word' id='word_1_153' title='bbox 1427 794 1503 831; x_wconf 89' lang='lat' dir='ltr'>eius</span> 
     </span>
     <span class='ocr_line' id='line_1_17' title="bbox 225 839 1506 893; baseline 0.004 -16"><span class='ocrx_word' id='word_1_154' title='bbox 225 839 352 893; x_wconf 83' lang='lat' dir='ltr'>gloriae</span> <span class='ocrx_word' id='word_1_155' title='bbox 369 841 485 890; x_wconf 66' lang='lat' dir='ltr'>palam</span> <span class='ocrx_word' id='word_1_156' title='bbox 501 843 567 888; x_wconf 78' lang='lat' dir='ltr'>est)</span> <span class='ocrx_word' id='word_1_157' title='bbox 581 842 711 880; x_wconf 90' lang='lat' dir='ltr'>deinde</span> <span class='ocrx_word' id='word_1_158' title='bbox 723 857 799 892; x_wconf 85' lang='lat' dir='ltr'>quae</span> <span class='ocrx_word' id='word_1_159' title='bbox 810 856 876 880; x_wconf 88' lang='lat' dir='ltr'>nec</span> <span class='ocrx_word' id='word_1_160' title='bbox 887 844 1091 883; x_wconf 87' lang='lat' dir='ltr'>mensuram</span> <span class='ocrx_word' id='word_1_161' title='bbox 1105 845 1157 881; x_wconf 90' lang='lat' dir='ltr'>illi</span> <span class='ocrx_word' id='word_1_162' title='bbox 1171 848 1264 882; x_wconf 82' lang='lat' dir='ltr'>suam</span> <span class='ocrx_word' id='word_1_163' title='bbox 1277 844 1433 887; x_wconf 88' lang='lat' dir='ltr'>auferat,</span> <span class='ocrx_word' id='word_1_164' title='bbox 1446 844 1506 882; x_wconf 85' lang='lat' dir='ltr'>vel</span> 
     </span>
     <span class='ocr_line' id='line_1_18' title="bbox 223 893 1504 948; baseline 0.004 -19"><span class='ocrx_word' id='word_1_165' title='bbox 223 893 390 945; x_wconf 84' lang='lat' dir='ltr'>pluribus</span> <span class='ocrx_word' id='word_1_166' title='bbox 402 893 506 931; x_wconf 82' lang='lat' dir='ltr'>fimul</span> <span class='ocrx_word' id='word_1_167' title='bbox 526 894 614 932; x_wconf 90' lang='lat' dir='ltr'>locis</span> <span class='ocrx_word' id='word_1_168' title='bbox 627 894 816 938; x_wconf 85' lang='lat' dir='ltr'>distrahat,</span> <span class='ocrx_word' id='word_1_169' title='bbox 832 896 891 933; x_wconf 91' lang='lat' dir='ltr'>vel</span> <span class='ocrx_word' id='word_1_170' title='bbox 904 896 1116 934; x_wconf 80' lang='lat' dir='ltr'>immensam</span> <span class='ocrx_word' id='word_1_171' title='bbox 1138 897 1191 934; x_wconf 88' lang='lat' dir='ltr'>illi</span> <span class='ocrx_word' id='word_1_172' title='bbox 1211 895 1504 948; x_wconf 84' lang='lat' dir='ltr'>magnitudinem</span> 
     </span>
     <span class='ocr_line' id='line_1_19' title="bbox 172 942 1504 997; baseline 0.004 -16"><span class='ocrx_word' id='word_1_173' title='bbox 172 982 174 986; x_wconf 68' lang='grc'>,</span> <span class='ocrx_word' id='word_1_174' title='bbox 224 942 375 996; x_wconf 83' lang='lat' dir='ltr'>affingat</span> <span class='ocrx_word' id='word_1_175' title='bbox 386 971 395 988; x_wconf 90' lang='lat'>‚</span> <span class='ocrx_word' id='word_1_176' title='bbox 410 959 489 996; x_wconf 81' lang='lat' dir='ltr'>quae</span> <span class='ocrx_word' id='word_1_177' title='bbox 502 960 565 997; x_wconf 90' lang='lat' dir='ltr'>per</span> <span class='ocrx_word' id='word_1_178' title='bbox 579 947 704 985; x_wconf 86' lang='lat' dir='ltr'>caelum</span> <span class='ocrx_word' id='word_1_179' title='bbox 721 952 753 985; x_wconf 86' lang='lat'>&amp;</span> <span class='ocrx_word' id='word_1_180' title='bbox 770 960 904 985; x_wconf 87' lang='lat' dir='ltr'>terram</span> <span class='ocrx_word' id='word_1_181' title='bbox 917 946 1150 987; x_wconf 86' lang='lat' dir='ltr'>diffundatur.</span> <span class='ocrx_word' id='word_1_182' title='bbox 1170 948 1245 986; x_wconf 82' lang='lat' dir='ltr'>haec</span> <span class='ocrx_word' id='word_1_183' title='bbox 1256 951 1353 987; x_wconf 86' lang='lat' dir='ltr'>enirn</span> <span class='ocrx_word' id='word_1_184' title='bbox 1367 960 1504 986; x_wconf 86' lang='lat' dir='ltr'>naturae</span> 
     </span>
     <span class='ocr_line' id='line_1_20' title="bbox 224 996 1506 1051; baseline 0.003 -17"><span class='ocrx_word' id='word_1_185' title='bbox 224 996 392 1035; x_wconf 83' lang='lat' dir='ltr'>humanae</span> <span class='ocrx_word' id='word_1_186' title='bbox 404 1000 552 1036; x_wconf 86' lang='lat' dir='ltr'>veritati</span> <span class='ocrx_word' id='word_1_187' title='bbox 567 1013 642 1037; x_wconf 84' lang='lat' dir='ltr'>non</span> <span class='ocrx_word' id='word_1_188' title='bbox 654 997 804 1037; x_wconf 74' lang='lat' dir='ltr'>obscure</span> <span class='ocrx_word' id='word_1_189' title='bbox 819 1013 1033 1051; x_wconf 75' lang='lat' dir='ltr'>repugnant.</span> <span class='ocrx_word' id='word_1_190' title='bbox 1045 1002 1142 1043; x_wconf 86' lang='lat' dir='ltr'>Istas,</span> <span class='ocrx_word' id='word_1_191' title='bbox 1155 1002 1301 1050; x_wconf 84' lang='lat' dir='ltr'>inquam</span> <span class='ocrx_word' id='word_1_192' title='bbox 1317 1029 1324 1043; x_wconf 86' lang='lat'>‚</span> <span class='ocrx_word' id='word_1_193' title='bbox 1337 999 1425 1038; x_wconf 88' lang='lat' dir='ltr'>duas</span> <span class='ocrx_word' id='word_1_194' title='bbox 1438 1012 1506 1038; x_wconf 83' lang='lat' dir='ltr'>ex-</span> 
     </span>
     <span class='ocr_line' id='line_1_21' title="bbox 225 1052 1505 1107; baseline 0.002 -21"><span class='ocrx_word' id='word_1_195' title='bbox 225 1052 413 1099; x_wconf 87' lang='lat' dir='ltr'>ceptiones</span> <span class='ocrx_word' id='word_1_196' title='bbox 426 1064 611 1101; x_wconf 87' lang='lat' dir='ltr'>nunquam</span> <span class='ocrx_word' id='word_1_197' title='bbox 632 1055 815 1102; x_wconf 86' lang='lat' dir='ltr'>patiamur</span> <span class='ocrx_word' id='word_1_198' title='bbox 838 1053 945 1090; x_wconf 86' lang='lat' dir='ltr'>nobis</span> <span class='ocrx_word' id='word_1_199' title='bbox 959 1055 1067 1104; x_wconf 86' lang='lat' dir='ltr'>eripi,</span> <span class='ocrx_word' id='word_1_200' title='bbox 1086 1053 1221 1103; x_wconf 84' lang='lat' dir='ltr'>nequid</span> <span class='ocrx_word' id='word_1_201' title='bbox 1257 1091 1268 1107; x_wconf 36' lang='grc' dir='ltr'><em>ὁ</em></span> <span class='ocrx_word' id='word_1_202' title='bbox 1283 1053 1358 1090; x_wconf 89' lang='lat' dir='ltr'>lesti</span> <span class='ocrx_word' id='word_1_203' title='bbox 1373 1052 1505 1090; x_wconf 88' lang='lat' dir='ltr'>Christi</span> 
     </span>
     <span class='ocr_line' id='line_1_22' title="bbox 222 1101 1507 1155; baseline 0.003 -17"><span class='ocrx_word' id='word_1_204' title='bbox 222 1101 351 1155; x_wconf 85' lang='lat' dir='ltr'>gloriae</span> <span class='ocrx_word' id='word_1_205' title='bbox 361 1102 676 1154; x_wconf 69' lang='lat' dir='ltr'>derogeturzquod</span> <span class='ocrx_word' id='word_1_206' title='bbox 687 1102 728 1142; x_wconf 86' lang='lat' dir='ltr'>fit</span> <span class='ocrx_word' id='word_1_207' title='bbox 739 1103 825 1143; x_wconf 90' lang='lat' dir='ltr'>dum</span> <span class='ocrx_word' id='word_1_208' title='bbox 838 1103 899 1142; x_wconf 87' lang='lat' dir='ltr'>sub</span> <span class='ocrx_word' id='word_1_209' title='bbox 911 1105 1160 1155; x_wconf 79' lang='lat' dir='ltr'>corruptibilia</span> <span class='ocrx_word' id='word_1_210' title='bbox 1172 1105 1234 1143; x_wconf 86' lang='lat' dir='ltr'>hui</span> <span class='ocrx_word' id='word_1_211' title='bbox 1292 1103 1415 1143; x_wconf 89' lang='lat' dir='ltr'>mundi</span> <span class='ocrx_word' id='word_1_212' title='bbox 1427 1103 1507 1142; x_wconf 88' lang='lat' dir='ltr'>ele-</span> 
     </span>
     <span class='ocr_line' id='line_1_23' title="bbox 222 1154 1505 1208; baseline 0.002 -17"><span class='ocrx_word' id='word_1_213' title='bbox 222 1167 347 1192; x_wconf 85' lang='lat' dir='ltr'>menta</span> <span class='ocrx_word' id='word_1_214' title='bbox 358 1154 612 1198; x_wconf 88' lang='lat' dir='ltr'>reducitur,vel</span> <span class='ocrx_word' id='word_1_215' title='bbox 625 1156 797 1206; x_wconf 83' lang='lat' dir='ltr'>alligatur</span> <span class='ocrx_word' id='word_1_216' title='bbox 812 1156 891 1194; x_wconf 90' lang='lat' dir='ltr'>vllis</span> <span class='ocrx_word' id='word_1_217' title='bbox 906 1160 1054 1195; x_wconf 88' lang='lat' dir='ltr'>terrenis</span> <span class='ocrx_word' id='word_1_218' title='bbox 1073 1156 1416 1208; x_wconf 84' lang='lat' dir='ltr'>creaturis.Nequid</span> <span class='ocrx_word' id='word_1_219' title='bbox 1427 1156 1505 1194; x_wconf 83' lang='lat' dir='ltr'>eius</span> 
     </span>
     <span class='ocr_line' id='line_1_24' title="bbox 222 1202 1505 1259; baseline 0.002 -16"><span class='ocrx_word' id='word_1_220' title='bbox 222 1202 370 1256; x_wconf 78' lang='lat' dir='ltr'>corpori</span> <span class='ocrx_word' id='word_1_221' title='bbox 383 1205 575 1259; x_wconf 82' lang='lat' dir='ltr'>affingatur</span> <span class='ocrx_word' id='word_1_222' title='bbox 598 1207 763 1245; x_wconf 88' lang='lat' dir='ltr'>humanae</span> <span class='ocrx_word' id='word_1_223' title='bbox 778 1221 914 1245; x_wconf 85' lang='lat' dir='ltr'>naturae</span> <span class='ocrx_word' id='word_1_224' title='bbox 935 1206 1057 1246; x_wconf 74' lang='lat' dir='ltr'>minus</span> <span class='ocrx_word' id='word_1_225' title='bbox 1079 1209 1364 1247; x_wconf 84' lang='lat' dir='ltr'>consentaneum</span> <span class='ocrx_word' id='word_1_226' title='bbox 1377 1223 1386 1246; x_wconf 74' lang='grc' dir='ltr'><strong><em>ε</em></strong></span> <span class='ocrx_word' id='word_1_227' title='bbox 1401 1207 1505 1259; x_wconf 87' lang='lat' dir='ltr'>quod</span> 
     </span>
     <span class='ocr_line' id='line_1_25' title="bbox 222 1254 1505 1311; baseline 0.002 -16"><span class='ocrx_word' id='word_1_228' title='bbox 222 1256 264 1297; x_wconf 85' lang='lat' dir='ltr'>fit</span> <span class='ocrx_word' id='word_1_229' title='bbox 274 1258 361 1295; x_wconf 86' lang='lat' dir='ltr'>dum</span> <span class='ocrx_word' id='word_1_230' title='bbox 376 1259 433 1295; x_wconf 89' lang='lat' dir='ltr'>vel</span> <span class='ocrx_word' id='word_1_231' title='bbox 445 1258 625 1297; x_wconf 74' lang='lat' dir='ltr'>infinitum</span> <span class='ocrx_word' id='word_1_232' title='bbox 639 1254 709 1296; x_wconf 83' lang='lat' dir='ltr'>effe</span> <span class='ocrx_word' id='word_1_233' title='bbox 722 1259 851 1299; x_wconf 86' lang='lat' dir='ltr'>dicitur</span> <span class='ocrx_word' id='word_1_234' title='bbox 863 1288 872 1303; x_wconf 89' lang='lat'>‚</span> <span class='ocrx_word' id='word_1_235' title='bbox 887 1262 939 1298; x_wconf 90' lang='lat' dir='ltr'>vel</span> <span class='ocrx_word' id='word_1_236' title='bbox 955 1263 989 1297; x_wconf 87' lang='lat' dir='ltr'>in</span> <span class='ocrx_word' id='word_1_237' title='bbox 1005 1261 1164 1311; x_wconf 88' lang='lat' dir='ltr'>pluribus</span> <span class='ocrx_word' id='word_1_238' title='bbox 1179 1261 1282 1298; x_wconf 85' lang='lat' dir='ltr'>fimul</span> <span class='ocrx_word' id='word_1_239' title='bbox 1294 1260 1384 1298; x_wconf 85' lang='lat' dir='ltr'>locis</span> <span class='ocrx_word' id='word_1_240' title='bbox 1397 1261 1505 1311; x_wconf 86' lang='lat' dir='ltr'>poni-</span> 
     </span>
     <span class='ocr_line' id='line_1_26' title="bbox 223 1310 1503 1363; baseline 0.001 -15"><span class='ocrx_word' id='word_1_241' title='bbox 223 1321 295 1349; x_wconf 86' lang='lat' dir='ltr'>tur.</span> <span class='ocrx_word' id='word_1_242' title='bbox 316 1312 497 1348; x_wconf 86' lang='lat' dir='ltr'>Caeterum</span> <span class='ocrx_word' id='word_1_243' title='bbox 510 1310 565 1348; x_wconf 88' lang='lat' dir='ltr'>his</span> <span class='ocrx_word' id='word_1_244' title='bbox 579 1311 856 1350; x_wconf 83' lang='lat' dir='ltr'>absurditatibus</span> <span class='ocrx_word' id='word_1_245' title='bbox 869 1312 1014 1351; x_wconf 88' lang='lat' dir='ltr'>sublatis</span> <span class='ocrx_word' id='word_1_246' title='bbox 1028 1340 1037 1356; x_wconf 89' lang='lat'>‚</span> <span class='ocrx_word' id='word_1_247' title='bbox 1050 1313 1221 1363; x_wconf 89' lang='lat' dir='ltr'>quicquid</span> <span class='ocrx_word' id='word_1_248' title='bbox 1234 1313 1280 1349; x_wconf 89' lang='lat' dir='ltr'>ad</span> <span class='ocrx_word' id='word_1_249' title='bbox 1293 1314 1503 1362; x_wconf 83' lang='lat' dir='ltr'>exprimen-</span> 
     </span>
     <span class='ocr_line' id='line_1_27' title="bbox 223 1362 1503 1417; baseline 0 -17"><span class='ocrx_word' id='word_1_250' title='bbox 223 1362 304 1400; x_wconf 86' lang='lat' dir='ltr'>dam</span> <span class='ocrx_word' id='word_1_251' title='bbox 319 1375 440 1400; x_wconf 87' lang='lat' dir='ltr'>veram</span> <span class='ocrx_word' id='word_1_252' title='bbox 453 1362 798 1414; x_wconf 75' lang='lat' dir='ltr'>substantialemque</span> <span class='ocrx_word' id='word_1_253' title='bbox 808 1368 971 1414; x_wconf 86' lang='lat' dir='ltr'>corporis</span> <span class='ocrx_word' id='word_1_254' title='bbox 983 1378 1023 1402; x_wconf 87' lang='lat' dir='ltr'>ac</span> <span class='ocrx_word' id='word_1_255' title='bbox 1037 1365 1217 1417; x_wconf 81' lang='lat' dir='ltr'>sanguinis</span> <span class='ocrx_word' id='word_1_256' title='bbox 1231 1365 1385 1402; x_wconf 89' lang='lat' dir='ltr'>Domini</span> <span class='ocrx_word' id='word_1_257' title='bbox 1397 1376 1503 1401; x_wconf 88' lang='lat' dir='ltr'>com-</span> 
     </span>
     <span class='ocr_line' id='line_1_28' title="bbox 220 1414 1502 1468; baseline 0 -15"><span class='ocrx_word' id='word_1_258' title='bbox 220 1416 511 1453; x_wconf 87' lang='lat' dir='ltr'>municationem</span> <span class='ocrx_word' id='word_1_259' title='bbox 526 1442 535 1457; x_wconf 85' lang='lat'>,</span> <span class='ocrx_word' id='word_1_260' title='bbox 551 1429 630 1466; x_wconf 83' lang='lat' dir='ltr'>quae</span> <span class='ocrx_word' id='word_1_261' title='bbox 641 1416 702 1453; x_wconf 91' lang='lat' dir='ltr'>sub</span> <span class='ocrx_word' id='word_1_262' title='bbox 716 1416 818 1453; x_wconf 87' lang='lat' dir='ltr'>sacris</span> <span class='ocrx_word' id='word_1_263' title='bbox 843 1419 968 1454; x_wconf 84' lang='lat' dir='ltr'>Coenae</span> <span class='ocrx_word' id='word_1_264' title='bbox 981 1415 1154 1468; x_wconf 84' lang='lat' dir='ltr'>symbolis</span> <span class='ocrx_word' id='word_1_265' title='bbox 1167 1414 1337 1454; x_wconf 83' lang='lat' dir='ltr'>fidelibus</span> <span class='ocrx_word' id='word_1_266' title='bbox 1350 1415 1502 1453; x_wconf 83' lang='lat' dir='ltr'>exhibe-</span> 
     </span>
     <span class='ocr_line' id='line_1_29' title="bbox 222 1465 1504 1521; baseline 0 -16"><span class='ocrx_word' id='word_1_267' title='bbox 222 1465 418 1509; x_wconf 84' lang='lat' dir='ltr'>tur,facere</span> <span class='ocrx_word' id='word_1_268' title='bbox 431 1468 724 1518; x_wconf 86' lang='lat' dir='ltr'>potest,libenter</span> <span class='ocrx_word' id='word_1_269' title='bbox 736 1470 893 1519; x_wconf 86' lang='lat' dir='ltr'>recipio:</span> <span class='ocrx_word' id='word_1_270' title='bbox 911 1482 1020 1520; x_wconf 86' lang='lat' dir='ltr'>atque</span> <span class='ocrx_word' id='word_1_271' title='bbox 1031 1472 1082 1506; x_wconf 89' lang='lat' dir='ltr'>ita</span> <span class='ocrx_word' id='word_1_272' title='bbox 1093 1482 1132 1506; x_wconf 89' lang='lat' dir='ltr'>vt</span> <span class='ocrx_word' id='word_1_273' title='bbox 1145 1482 1219 1505; x_wconf 89' lang='lat' dir='ltr'>non</span> <span class='ocrx_word' id='word_1_274' title='bbox 1232 1469 1504 1521; x_wconf 84' lang='lat' dir='ltr'>imaginatione</span> 
     </span>
     <span class='ocr_line' id='line_1_30' title="bbox 222 1517 1503 1572; baseline 0.001 -16"><span class='ocrx_word' id='word_1_275' title='bbox 222 1519 399 1557; x_wconf 84' lang='lat' dir='ltr'>duntaxat</span> <span class='ocrx_word' id='word_1_276' title='bbox 408 1531 470 1557; x_wconf 82' lang='lat' dir='ltr'>aut</span> <span class='ocrx_word' id='word_1_277' title='bbox 482 1522 613 1558; x_wconf 89' lang='lat' dir='ltr'>mentis</span> <span class='ocrx_word' id='word_1_278' title='bbox 635 1519 879 1572; x_wconf 84' lang='lat' dir='ltr'>intelligentia</span> <span class='ocrx_word' id='word_1_279' title='bbox 891 1523 1076 1572; x_wconf 88' lang='lat' dir='ltr'>percipere</span> <span class='ocrx_word' id='word_1_280' title='bbox 1090 1547 1099 1564; x_wconf 94' lang='lat'>‚</span> <span class='ocrx_word' id='word_1_281' title='bbox 1117 1519 1177 1559; x_wconf 89' lang='lat' dir='ltr'>sed</span> <span class='ocrx_word' id='word_1_282' title='bbox 1188 1533 1226 1557; x_wconf 85' lang='lat' dir='ltr'>vt</span> <span class='ocrx_word' id='word_1_283' title='bbox 1240 1532 1278 1556; x_wconf 90' lang='lat' dir='ltr'>re</span> <span class='ocrx_word' id='word_1_284' title='bbox 1298 1519 1371 1570; x_wconf 87' lang='lat' dir='ltr'>ipsa</span> <span class='ocrx_word' id='word_1_285' title='bbox 1382 1517 1451 1557; x_wconf 84' lang='lat' dir='ltr'>frui</span> <span class='ocrx_word' id='word_1_286' title='bbox 1464 1521 1503 1557; x_wconf 90' lang='lat' dir='ltr'>in</span> 
     </span>
     <span class='ocr_line' id='line_1_31' title="bbox 222 1570 1505 1626; baseline 0.002 -18"><span class='ocrx_word' id='word_1_287' title='bbox 222 1571 437 1609; x_wconf 80' lang='lat' dir='ltr'>alimentum</span> <span class='ocrx_word' id='word_1_288' title='bbox 451 1573 533 1609; x_wconf 83' lang='lat' dir='ltr'>vitae</span> <span class='ocrx_word' id='word_1_289' title='bbox 545 1584 690 1610; x_wconf 86' lang='lat' dir='ltr'>aeternae</span> <span class='ocrx_word' id='word_1_290' title='bbox 702 1573 968 1626; x_wconf 81' lang='lat' dir='ltr'>intelligantur.</span> <span class='ocrx_word' id='word_1_291' title='bbox 991 1575 1151 1611; x_wconf 87' lang='lat' dir='ltr'>Curram</span> <span class='ocrx_word' id='word_1_292' title='bbox 1164 1570 1289 1610; x_wconf 83' lang='lat' dir='ltr'>odiosa</span> <span class='ocrx_word' id='word_1_293' title='bbox 1312 1570 1449 1609; x_wconf 88' lang='lat' dir='ltr'>mundo</span> <span class='ocrx_word' id='word_1_294' title='bbox 1461 1571 1505 1610; x_wconf 83' lang='lat' dir='ltr'>fit</span> 
     </span>
     <span class='ocr_line' id='line_1_32' title="bbox 222 1622 1503 1674; baseline 0.001 -14"><span class='ocrx_word' id='word_1_295' title='bbox 222 1624 298 1660; x_wconf 85' lang='lat' dir='ltr'>haec</span> <span class='ocrx_word' id='word_1_296' title='bbox 308 1622 488 1661; x_wconf 85' lang='lat' dir='ltr'>sententia</span> <span class='ocrx_word' id='word_1_297' title='bbox 511 1627 545 1661; x_wconf 87' lang='lat'>&amp;</span> <span class='ocrx_word' id='word_1_298' title='bbox 559 1636 633 1661; x_wconf 83' lang='lat' dir='ltr'>tam</span> <span class='ocrx_word' id='word_1_299' title='bbox 646 1625 778 1674; x_wconf 86' lang='lat' dir='ltr'>iniquis</span> <span class='ocrx_word' id='word_1_300' title='bbox 800 1624 1001 1662; x_wconf 84' lang='lat' dir='ltr'>multorum</span> <span class='ocrx_word' id='word_1_301' title='bbox 1026 1625 1164 1663; x_wconf 89' lang='lat' dir='ltr'>iudiciis</span> <span class='ocrx_word' id='word_1_302' title='bbox 1186 1624 1406 1674; x_wconf 85' lang='lat' dir='ltr'>praeripiatur</span> <span class='ocrx_word' id='word_1_303' title='bbox 1426 1625 1503 1662; x_wconf 86' lang='lat' dir='ltr'>eius</span> 
     </span>
     <span class='ocr_line' id='line_1_33' title="bbox 223 1674 1506 1726; baseline 0 -13"><span class='ocrx_word' id='word_1_304' title='bbox 223 1674 401 1718; x_wconf 81' lang='lat' dir='ltr'>defenfio,</span> <span class='ocrx_word' id='word_1_305' title='bbox 413 1675 500 1713; x_wconf 89' lang='lat' dir='ltr'>nibil</span> <span class='ocrx_word' id='word_1_306' title='bbox 513 1677 625 1714; x_wconf 83' lang='lat' dir='ltr'>causae</span> <span class='ocrx_word' id='word_1_307' title='bbox 635 1677 695 1717; x_wconf 84' lang='lat' dir='ltr'>est,</span> <span class='ocrx_word' id='word_1_308' title='bbox 711 1677 772 1713; x_wconf 88' lang='lat' dir='ltr'>nifi</span> <span class='ocrx_word' id='word_1_309' title='bbox 785 1674 885 1726; x_wconf 70' lang='lat' dir='ltr'>quod</span> <span class='ocrx_word' id='word_1_310' title='bbox 897 1676 1065 1715; x_wconf 86' lang='lat' dir='ltr'>horribili</span> <span class='ocrx_word' id='word_1_311' title='bbox 1082 1675 1219 1715; x_wconf 87' lang='lat' dir='ltr'>fascino</span> <span class='ocrx_word' id='word_1_312' title='bbox 1233 1679 1338 1713; x_wconf 86' lang='lat' dir='ltr'>Satan</span> <span class='ocrx_word' id='word_1_313' title='bbox 1350 1674 1506 1713; x_wconf 80' lang='lat' dir='ltr'>demen-</span> 
     </span>
     <span class='ocr_line' id='line_1_34' title="bbox 223 1724 1502 1778; baseline -0.001 -12"><span class='ocrx_word' id='word_1_314' title='bbox 223 1729 315 1766; x_wconf 83' lang='lat' dir='ltr'>tauit</span> <span class='ocrx_word' id='word_1_315' title='bbox 337 1741 466 1766; x_wconf 87' lang='lat' dir='ltr'>eorum</span> <span class='ocrx_word' id='word_1_316' title='bbox 486 1741 641 1766; x_wconf 88' lang='lat' dir='ltr'>mentes.</span> <span class='ocrx_word' id='word_1_317' title='bbox 673 1724 785 1766; x_wconf 71' lang='lat' dir='ltr'>Certe</span> <span class='ocrx_word' id='word_1_318' title='bbox 805 1729 904 1778; x_wconf 86' lang='lat' dir='ltr'>quod</span> <span class='ocrx_word' id='word_1_319' title='bbox 925 1729 1100 1767; x_wconf 87' lang='lat' dir='ltr'>docemus</span> <span class='ocrx_word' id='word_1_320' title='bbox 1123 1757 1132 1773; x_wconf 92' lang='lat'>,</span> <span class='ocrx_word' id='word_1_321' title='bbox 1156 1728 1341 1778; x_wconf 82' lang='lat' dir='ltr'>Scripturis</span> <span class='ocrx_word' id='word_1_322' title='bbox 1362 1729 1502 1776; x_wconf 76' lang='lat' dir='ltr'>optime*</span> 
     </span>
     <span class='ocr_line' id='line_1_35' title="bbox 225 1778 1502 1832; baseline -0.002 -14"><span class='ocrx_word' id='word_1_323' title='bbox 225 1793 289 1832; x_wconf 88' lang='lat' dir='ltr'>per</span> <span class='ocrx_word' id='word_1_324' title='bbox 300 1783 424 1818; x_wconf 89' lang='lat' dir='ltr'>omnia</span> <span class='ocrx_word' id='word_1_325' title='bbox 437 1781 720 1818; x_wconf 64' lang='lat' dir='ltr'>conueniunihrl</span> <span class='ocrx_word' id='word_1_326' title='bbox 732 1783 871 1818; x_wconf 77' lang='lat' dir='ltr'>c6tinet</span> <span class='ocrx_word' id='word_1_327' title='bbox 887 1781 940 1818; x_wconf 93' lang='lat' dir='ltr'>vel</span> <span class='ocrx_word' id='word_1_328' title='bbox 953 1781 1107 1824; x_wconf 79' lang='lat' dir='ltr'>absurdi,</span> <span class='ocrx_word' id='word_1_329' title='bbox 1120 1781 1173 1819; x_wconf 89' lang='lat' dir='ltr'>vel</span> <span class='ocrx_word' id='word_1_330' title='bbox 1188 1781 1342 1822; x_wconf 85' lang='lat' dir='ltr'>obscuri,</span> <span class='ocrx_word' id='word_1_331' title='bbox 1357 1778 1412 1816; x_wconf 83' lang='lat' dir='ltr'>vel</span> <span class='ocrx_word' id='word_1_332' title='bbox 1424 1792 1502 1816; x_wconf 85' lang='lat' dir='ltr'>arn-</span> 
     </span>
     <span class='ocr_line' id='line_1_36' title="bbox 224 1830 1505 1884; baseline -0.002 -12"><span class='ocrx_word' id='word_1_333' title='bbox 224 1834 325 1884; x_wconf 85' lang='lat' dir='ltr'>bigui</span> <span class='ocrx_word' id='word_1_334' title='bbox 338 1848 346 1870; x_wconf 92' lang='lat'>:</span> <span class='ocrx_word' id='word_1_335' title='bbox 360 1830 469 1871; x_wconf 65' lang='lat' dir='ltr'>avera</span> <span class='ocrx_word' id='word_1_336' title='bbox 489 1835 627 1882; x_wconf 86' lang='lat' dir='ltr'>pietate</span> <span class='ocrx_word' id='word_1_337' title='bbox 650 1837 685 1870; x_wconf 69' lang='grc' dir='ltr'>δε</span> <span class='ocrx_word' id='word_1_338' title='bbox 710 1832 823 1870; x_wconf 86' lang='lat' dir='ltr'>solida</span> <span class='ocrx_word' id='word_1_339' title='bbox 843 1832 1089 1872; x_wconf 78' lang='lat' dir='ltr'>aedificatione</span> <span class='ocrx_word' id='word_1_340' title='bbox 1107 1847 1184 1872; x_wconf 89' lang='lat' dir='ltr'>non</span> <span class='ocrx_word' id='word_1_341' title='bbox 1204 1830 1505 1870; x_wconf 78' lang='lat' dir='ltr'>abhorretmihil</span> 
     </span>
     <span class='ocr_line' id='line_1_37' title="bbox 226 1883 1502 1937; baseline -0.002 -13"><span class='ocrx_word' id='word_1_342' title='bbox 226 1885 384 1937; x_wconf 89' lang='lat' dir='ltr'>denique</span> <span class='ocrx_word' id='word_1_343' title='bbox 398 1888 433 1922; x_wconf 88' lang='lat' dir='ltr'>in</span> <span class='ocrx_word' id='word_1_344' title='bbox 447 1886 481 1923; x_wconf 91' lang='lat' dir='ltr'>se</span> <span class='ocrx_word' id='word_1_345' title='bbox 493 1885 603 1923; x_wconf 85' lang='lat' dir='ltr'>habet</span> <span class='ocrx_word' id='word_1_346' title='bbox 613 1884 713 1935; x_wconf 88' lang='lat' dir='ltr'>quod</span> <span class='ocrx_word' id='word_1_347' title='bbox 724 1883 968 1928; x_wconf 69' lang='lat' dir='ltr'>offendat,nis1</span> <span class='ocrx_word' id='word_1_348' title='bbox 981 1885 1082 1936; x_wconf 73' lang='lat' dir='ltr'>qubd</span> <span class='ocrx_word' id='word_1_349' title='bbox 1093 1885 1217 1924; x_wconf 90' lang='lat' dir='ltr'>seculis</span> <span class='ocrx_word' id='word_1_350' title='bbox 1231 1885 1502 1933; x_wconf 87' lang='lat' dir='ltr'>aliquot,quum</span> 
     </span>
     <span class='ocr_line' id='line_1_38' title="bbox 225 1935 1504 1989; baseline -0.002 -14"><span class='ocrx_word' id='word_1_351' title='bbox 225 1944 263 1975; x_wconf 90' lang='lat' dir='ltr'>in</span> <span class='ocrx_word' id='word_1_352' title='bbox 275 1938 425 1975; x_wconf 82' lang='lat' dir='ltr'>Ecclesia</span> <span class='ocrx_word' id='word_1_353' title='bbox 448 1950 619 1989; x_wconf 85' lang='lat' dir='ltr'>regnaret</span> <span class='ocrx_word' id='word_1_354' title='bbox 638 1937 698 1974; x_wconf 86' lang='lat' dir='ltr'>illa</span> <span class='ocrx_word' id='word_1_355' title='bbox 721 1937 965 1987; x_wconf 86' lang='lat' dir='ltr'>Sophistatum</span> <span class='ocrx_word' id='word_1_356' title='bbox 988 1940 1127 1976; x_wconf 87' lang='lat' dir='ltr'>inscitia</span> <span class='ocrx_word' id='word_1_357' title='bbox 1150 1942 1184 1975; x_wconf 87' lang='lat'>&amp;</span> <span class='ocrx_word' id='word_1_358' title='bbox 1196 1935 1375 1974; x_wconf 84' lang='lat' dir='ltr'>barbaries</span> <span class='ocrx_word' id='word_1_359' title='bbox 1387 1961 1397 1976; x_wconf 91' lang='lat'>,</span> <span class='ocrx_word' id='word_1_360' title='bbox 1411 1936 1504 1973; x_wconf 89' lang='lat' dir='ltr'>indi-</span> 
     </span>
     <span class='ocr_line' id='line_1_39' title="bbox 225 1985 1504 2043; baseline -0.001 -16"><span class='ocrx_word' id='word_1_361' title='bbox 225 1986 298 2043; x_wconf 74' lang='lat' dir='ltr'>gne</span> <span class='ocrx_word' id='word_1_362' title='bbox 310 1985 475 2040; x_wconf 80' lang='lat' dir='ltr'>oppressa</span> <span class='ocrx_word' id='word_1_363' title='bbox 487 1991 557 2027; x_wconf 84' lang='lat' dir='ltr'>fuit</span> <span class='ocrx_word' id='word_1_364' title='bbox 578 2002 653 2027; x_wconf 87' lang='lat' dir='ltr'>tam</span> <span class='ocrx_word' id='word_1_365' title='bbox 665 1990 850 2040; x_wconf 85' lang='lat' dir='ltr'>perspicua</span> <span class='ocrx_word' id='word_1_366' title='bbox 865 1989 924 2028; x_wconf 84' lang='lat' dir='ltr'>lux</span> <span class='ocrx_word' id='word_1_367' title='bbox 943 1995 977 2028; x_wconf 86' lang='lat'>&amp;</span> <span class='ocrx_word' id='word_1_368' title='bbox 989 1990 1152 2040; x_wconf 72' lang='lat' dir='ltr'>exposita</span> <span class='ocrx_word' id='word_1_369' title='bbox 1163 1990 1307 2027; x_wconf 83' lang='lat' dir='ltr'>veritas.</span> <span class='ocrx_word' id='word_1_370' title='bbox 1331 1987 1435 2040; x_wconf 81' lang='lat' dir='ltr'>Q=a</span> <span class='ocrx_word' id='word_1_371' title='bbox 1447 2000 1504 2026; x_wconf 79' lang='lat' dir='ltr'>ta-</span> 
     </span>
     <span class='ocr_line' id='line_1_40' title="bbox 225 2039 1503 2094; baseline -0.002 -14"><span class='ocrx_word' id='word_1_372' title='bbox 225 2056 312 2080; x_wconf 89' lang='lat' dir='ltr'>men</span> <span class='ocrx_word' id='word_1_373' title='bbox 331 2045 438 2079; x_wconf 84' lang='lat' dir='ltr'>Satan</span> <span class='ocrx_word' id='word_1_374' title='bbox 458 2054 522 2092; x_wconf 86' lang='lat' dir='ltr'>per</span> <span class='ocrx_word' id='word_1_375' title='bbox 533 2042 759 2080; x_wconf 82' lang='lat' dir='ltr'>turbulentos</span> <span class='ocrx_word' id='word_1_376' title='bbox 782 2042 924 2092; x_wconf 85' lang='lat' dir='ltr'>spiritus</span> <span class='ocrx_word' id='word_1_377' title='bbox 948 2042 1059 2081; x_wconf 88' lang='lat' dir='ltr'>hodie</span> <span class='ocrx_word' id='word_1_378' title='bbox 1079 2054 1226 2094; x_wconf 89' lang='lat' dir='ltr'>quoque</span> <span class='ocrx_word' id='word_1_379' title='bbox 1247 2039 1401 2077; x_wconf 83' lang='lat' dir='ltr'>molitur</span> <span class='ocrx_word' id='word_1_380' title='bbox 1421 2043 1503 2090; x_wconf 88' lang='lat' dir='ltr'>qui-</span> 
     </span>
     <span class='ocr_line' id='line_1_41' title="bbox 225 2089 1511 2145; baseline -0.002 -13"><span class='ocrx_word' id='word_1_381' title='bbox 225 2094 432 2145; x_wconf 89' lang='lat' dir='ltr'>buscunque</span> <span class='ocrx_word' id='word_1_382' title='bbox 444 2094 563 2144; x_wconf 89' lang='lat' dir='ltr'>potest</span> <span class='ocrx_word' id='word_1_383' title='bbox 575 2094 763 2131; x_wconf 87' lang='lat' dir='ltr'>calumniis</span> <span class='ocrx_word' id='word_1_384' title='bbox 780 2098 813 2130; x_wconf 75' lang='grc' dir='ltr'>δε</span> <span class='ocrx_word' id='word_1_385' title='bbox 829 2094 971 2143; x_wconf 88' lang='lat' dir='ltr'>probris</span> <span class='ocrx_word' id='word_1_386' title='bbox 983 2093 1133 2137; x_wconf 87' lang='lat' dir='ltr'>foedare,</span> <span class='ocrx_word' id='word_1_387' title='bbox 1145 2095 1259 2130; x_wconf 88' lang='lat' dir='ltr'>necin</span> <span class='ocrx_word' id='word_1_388' title='bbox 1272 2091 1382 2129; x_wconf 83' lang='lat' dir='ltr'>vllam</span> <span class='ocrx_word' id='word_1_389' title='bbox 1393 2089 1511 2130; x_wconf 58' lang='lat' dir='ltr'>aliam*</span> 
     </span>
     <span class='ocr_line' id='line_1_42' title="bbox 221 2142 1507 2196; baseline -0.001 -12"><span class='ocrx_word' id='word_1_390' title='bbox 221 2160 304 2186; x_wconf 85' lang='lat' dir='ltr'>rem</span> <span class='ocrx_word' id='word_1_391' title='bbox 318 2148 449 2183; x_wconf 88' lang='lat' dir='ltr'>maiori</span> <span class='ocrx_word' id='word_1_392' title='bbox 461 2158 596 2184; x_wconf 88' lang='lat' dir='ltr'>conatu</span> <span class='ocrx_word' id='word_1_393' title='bbox 606 2144 997 2186; x_wconf 74' lang='lat' dir='ltr'>incumbitzaccuratius</span> <span class='ocrx_word' id='word_1_394' title='bbox 1010 2159 1089 2185; x_wconf 87' lang='lat' dir='ltr'>eam</span> <span class='ocrx_word' id='word_1_395' title='bbox 1102 2149 1195 2184; x_wconf 89' lang='lat' dir='ltr'>tueri</span> <span class='ocrx_word' id='word_1_396' title='bbox 1204 2149 1235 2182; x_wconf 77' lang='lat'>8&lt;</span> <span class='ocrx_word' id='word_1_397' title='bbox 1246 2142 1402 2182; x_wconf 82' lang='lat' dir='ltr'>afferere</span> <span class='ocrx_word' id='word_1_398' title='bbox 1415 2156 1507 2196; x_wconf 86' lang='lat' dir='ltr'>ope-</span> 
     </span>
     <span class='ocr_line' id='line_1_43' title="bbox 221 2199 789 2250; baseline -0.007 -13"><span class='ocrx_word' id='word_1_399' title='bbox 221 2200 427 2250; x_wconf 86' lang='lat' dir='ltr'>raepretium</span> <span class='ocrx_word' id='word_1_400' title='bbox 446 2199 508 2235; x_wconf 88' lang='lat' dir='ltr'>est.</span> <span class='ocrx_word' id='word_1_401' title='bbox 785 2232 789 2233; x_wconf 21' lang='lat'><em>⁷</em></span> 
     </span>
    </p>

    <p class='ocr_par' dir='ltr' id='par_1_5' title="bbox 225 2246 1507 2406">
     <span class='ocr_line' id='line_1_44' title="bbox 276 2246 1507 2302; baseline -0.002 -14"><span class='ocrx_word' id='word_1_402' title='bbox 276 2263 322 2288; x_wconf 85' lang='lat'>20</span> <span class='ocrx_word' id='word_1_403' title='bbox 367 2247 480 2288; x_wconf 69' lang='lat' dir='ltr'>Porro</span> <span class='ocrx_word' id='word_1_404' title='bbox 493 2261 688 2299; x_wconf 87' lang='lat' dir='ltr'>antequam</span> <span class='ocrx_word' id='word_1_405' title='bbox 702 2247 1258 2302; x_wconf 58' lang='lat' dir='ltr'>vltra·progredimur,tra6tanda</span> <span class='ocrx_word' id='word_1_406' title='bbox 1271 2249 1322 2286; x_wconf 89' lang='lat' dir='ltr'>est</span> <span class='ocrx_word' id='word_1_407' title='bbox 1334 2248 1409 2299; x_wconf 84' lang='lat' dir='ltr'>ipsa</span> <span class='ocrx_word' id='word_1_408' title='bbox 1419 2246 1507 2286; x_wconf 81' lang='lat' dir='ltr'>Chri</span> 
     </span>
     <span class='ocr_line' id='line_1_45' title="bbox 225 2297 1505 2354; baseline -0.003 -12"><span class='ocrx_word' id='word_1_409' title='bbox 225 2303 457 2342; x_wconf 81' lang='lat' dir='ltr'>stiinstitutio</span> <span class='ocrx_word' id='word_1_410' title='bbox 472 2316 479 2340; x_wconf 92' lang='lat'>:</span> <span class='ocrx_word' id='word_1_411' title='bbox 496 2302 689 2352; x_wconf 84' lang='lat' dir='ltr'>praeserrim</span> <span class='ocrx_word' id='word_1_412' title='bbox 703 2306 785 2354; x_wconf 88' lang='lat' dir='ltr'>quia</span> <span class='ocrx_word' id='word_1_413' title='bbox 806 2302 1016 2340; x_wconf 84' lang='lat' dir='ltr'>aduersariis</span> <span class='ocrx_word' id='word_1_414' title='bbox 1035 2301 1109 2340; x_wconf 80' lang='lat' dir='ltr'>baec</span> <span class='ocrx_word' id='word_1_415' title='bbox 1130 2297 1291 2339; x_wconf 71' lang='lat' dir='ltr'>maxime</span> <span class='ocrx_word' id='word_1_416' title='bbox 1307 2299 1505 2350; x_wconf 82' lang='lat' dir='ltr'>plausibilis</span> 
     </span>
     <span class='ocr_line' id='line_1_46' title="bbox 229 2351 1503 2406; baseline -0.005 -12"><span class='ocrx_word' id='word_1_417' title='bbox 229 2357 280 2394; x_wconf 85' lang='lat' dir='ltr'>est</span> <span class='ocrx_word' id='word_1_418' title='bbox 293 2355 459 2393; x_wconf 67' lang='lat' dir='ltr'>obietstio</span> <span class='ocrx_word' id='word_1_419' title='bbox 472 2380 481 2396; x_wconf 85' lang='lat'>‚</span> <span class='ocrx_word' id='word_1_420' title='bbox 491 2368 558 2392; x_wconf 87' lang='lat' dir='ltr'>nos</span> <span class='ocrx_word' id='word_1_421' title='bbox 574 2354 753 2394; x_wconf 86' lang='lat' dir='ltr'>discedere</span> <span class='ocrx_word' id='word_1_422' title='bbox 766 2354 785 2392; x_wconf 75' lang='grc' dir='ltr'>ὲ</span> <span class='ocrx_word' id='word_1_423' title='bbox 798 2354 929 2393; x_wconf 84' lang='lat' dir='ltr'>Christi</span> <span class='ocrx_word' id='word_1_424' title='bbox 943 2355 1072 2392; x_wconf 89' lang='lat' dir='ltr'>verbis.</span> <span class='ocrx_word' id='word_1_425' title='bbox 1093 2354 1189 2406; x_wconf 84' lang='lat' dir='ltr'>Ergo</span> <span class='ocrx_word' id='word_1_426' title='bbox 1203 2366 1237 2391; x_wconf 65' lang='lat' dir='ltr'>vt</span> <span class='ocrx_word' id='word_1_427' title='bbox 1247 2351 1333 2390; x_wconf 88' lang='lat' dir='ltr'>falsa</span> <span class='ocrx_word' id='word_1_428' title='bbox 1348 2351 1503 2395; x_wconf 83' lang='lat' dir='ltr'>inuidia,</span> 
     </span>
    </p>
   </div>
   <div class='ocr_carea' id='block_1_4' title="bbox 229 2400 1509 2495">
    <p class='ocr_par' dir='ltr' id='par_1_6' title="bbox 229 2400 1509 2495">
     <span class='ocr_line' id='line_1_47' title="bbox 229 2400 1505 2463; baseline -0.002 -16"><span class='ocrx_word' id='word_1_429' title='bbox 229 2420 301 2458; x_wconf 86' lang='lat' dir='ltr'>qua</span> <span class='ocrx_word' id='word_1_430' title='bbox 312 2421 378 2446; x_wconf 92' lang='lat' dir='ltr'>nos</span> <span class='ocrx_word' id='word_1_431' title='bbox 388 2419 553 2461; x_wconf 80' lang='lat' dir='ltr'>granant,</span> <span class='ocrx_word' id='word_1_432' title='bbox 568 2407 745 2453; x_wconf 86' lang='lat' dir='ltr'>leuemur,</span> <span class='ocrx_word' id='word_1_433' title='bbox 759 2400 980 2459; x_wconf 72' lang='lat' dir='ltr'>aptissimum</span> <span class='ocrx_word' id='word_1_434' title='bbox 993 2405 1184 2445; x_wconf 86' lang='lat' dir='ltr'>exordium</span> <span class='ocrx_word' id='word_1_435' title='bbox 1198 2407 1265 2454; x_wconf 84' lang='lat' dir='ltr'>erit</span> <span class='ocrx_word' id='word_1_436' title='bbox 1276 2402 1296 2445; x_wconf 70' lang='grc' dir='ltr'>ὲ</span> <span class='ocrx_word' id='word_1_437' title='bbox 1307 2404 1505 2463; x_wconf 71' lang='lat' dir='ltr'>verborum</span> 
     </span>
     <span class='ocr_line' id='line_1_48' title="bbox 1391 2468 1509 2495; baseline 0.008 -1"><span class='ocrx_word' id='word_1_438' title='bbox 1391 2468 1509 2495; x_wconf 73' lang='lat' dir='ltr'>inter-</span> 
     </span>
    </p>
   </div>
  </div>
 </body>
</html>
