1591 2775
219 7 289 60 '5⁷2'
588 12 1154 51 ‘L113R1TERT11

219 89 326 115 orare
338 75 542 129 specialiter
553 76 661 117 liceat
675 93 686 116 :
698 76 815 115 modo
829 91 950 117 tamen
963 81 1105 117 animus
1115 81 1160 117 ab
1174 79 1278 118 huius
1292 78 1499 119 communi-¹

219 130 304 169 tatis
316 130 446 168 intuitu
460 144 534 168 non
546 129 706 169 discedat
718 158 727 174 ,
751 144 816 168 nec
829 131 996 170 deflestat
1009 132 1155 182 quidem
1169 158 1179 174 ‚
1200 131 1258 170 sed
1271 133 1395 169 omnia
1410 134 1499 170 istuc

220 179 367 219 referat.
389 183 486 219 Nam
500 185 652 231 quanuis
675 183 904 235 singulariter
917 186 1188 234 concipiantur,
1213 186 1295 235 quia
1317 196 1441 222 tamen
1453 182 1501 221 ad

218 245 304 270 eum
318 231 464 282 scopum
479 234 544 272 diri
577 247 684 274 untur
695 262 705 278 ,
718 249 932 273 communes
947 233 1020 274 effe
1032 249 1106 273 non
1122 235 1297 274 definunt.
1319 237 1360 273 Id
1374 248 1498 275 totum
1548 272 1549 275 ,

218 284 456 323 fimilitudine
467 285 574 324 facile
588 287 745 342 intelligi
758 289 1070 338 potest.Generale
1086 289 1134 326 est
1147 290 1218 325 Dei
1228 288 1442 326 mandatum
1454 287 1500 326 de

220 335 442 374 subleuanda
456 351 658 389 pauperum
669 342 838 377 omnium
852 342 1024 393 egestate,
1039 345 1072 378 &
1087 339 1170 378 huic
1182 353 1305 378 tamen
1319 340 1501 378 obediunt

220 389 330 439 quiin
344 402 427 427 eum
441 388 556 428 finem
568 404 696 428 eorum
710 393 843 442 inopiae
856 390 1062 431 succurrunt
1075 406 1167 444 quos
1182 392 1348 431 laborare
1360 405 1420 431 aut
1432 406 1506 429 no-

221 453 306 479 runt
316 454 377 479 aut
387 442 664 480 videnttetiarnfi
678 444 813 480 multos
825 457 1043 494 praetereunt
1067 450 1128 495 qui
1142 459 1213 482 non
1229 446 1361 482 leuiori
1377 442 1505 482 neces-

221 493 328 531 fitate
339 507 574 543 premuntur:
587 496 643 531 vel
656 497 739 544 quia
753 509 824 532 non
834 509 962 534 omnes
976 493 1074 535 nosse
1086 525 1095 541 ‚
1123 498 1177 534 vel
1193 499 1277 545 quia
1290 511 1364 534 non
1379 496 1503 534 omni-

222 545 292 583 bus
304 543 465 583 sufficere
475 543 776 595 poffint.1nhunc
788 547 940 585 modurn
957 562 1072 599 neque
1082 552 1107 586 ii
1122 550 1297 587 voluntati
1311 552 1381 586 Dei
1394 561 1503 598 repu-

224 610 342 651 gnant
353 600 413 648 qui
424 611 661 636 communem
674 597 766 635 hanc
779 598 990 639 societatem
1004 601 1164 640 Ecclefiae
1176 602 1376 652 {peikantes
1393 605 1425 638 ἀ
1439 614 1504 637 co-

226 649 610 700 gitantes,huiusmodi
624 649 855 700 particulares
870 655 1055 690 orationes
1069 648 1422 706 concipiunt‚quibus
1435 665 1506 704 pu-

166 740 167 743 ,
223 701 325 739 blico
341 703 471 738 animo
493 701 732 752 singularibus
754 703 869 741 verbis
892 705 925 741 se
937 717 998 743 aut
1010 705 1102 742 alios
1124 709 1206 743 Deo
1228 705 1505 749 commendant,

49 1177 206 1218 rar-ima.

47 1435 200 1482 1.Raeg.8.

50 1495 122 1530 ‘37

51 1541 197 1584 Iesa.66.

52 1600 100 1626 iu

52 1641 201 1686 Aelfrj.

52 1702 156 1739 42&

53 1747 178 1796 174224

223 765 380 804 quorum
395 752 639 792 necessitatem
652 758 802 806 propius
813 755 892 807 ipsis
902 757 1130 796 innotescere
1143 758 1504 808 voluit.Qanquam

224 818 302 843 non
325 807 454 843 omnia
475 806 623 859 quidem
649 811 684 844 in
706 810 874 846 oratione
889 813 923 846 ὅ(
943 807 1159 848 facultatum
1181 813 1400 861 erogatione
1422 809 1503 847 sunt

225 857 457 895 fimilia.nam
472 858 678 912 benignitas
692 858 866 912 largiendi
880 863 1040 899 exerceri
1053 861 1195 899 nonnifi
1209 874 1296 914 erga
1307 875 1371 900 eos
1382 862 1503 913 potest

226 922 385 958 quorum
405 910 593 961 perspecta
618 913 667 949 est
691 914 795 950 nobis
817 916 941 964 inopia
955 915 1098 951 :iuuare
1121 927 1244 952 autem
1264 916 1432 951 oratione
1445 911 1503 950 vel

224 959 463 1000 alienissimos
478 967 511 1000 &
525 962 772 1018 ignotiffimos
788 964 1176 1016 licet,quanturnlrbet
1189 967 1225 1004 lo
1282 980 1304 1002 0
1326 977 1506 1004 terrarum

225 1013 424 1052 interuallo
436 1015 455 1052 ὲ
468 1015 575 1053 nobis
589 1013 697 1054 diffiti
708 1017 787 1054 fint.
801 1016 841 1054 Id
851 1030 973 1055 autem
987 1017 1029 1056 fit
1041 1032 1105 1070 per
1118 979 1291 1070 gener‘ffe
1305 1018 1406 1056 illam
1422 1029 1508 1068 pre-

223 1067 381 1110 cationis
392 1065 591 1105 formulam
605 1080 677 1118 qua
688 1081 818 1106 omnes
832 1067 906 1106 filii.
920 1073 991 1109 Dei
1004 1073 1236 1108 continentur
1248 1097 1257 1113 ,
1280 1072 1318 1108 in
1331 1069 1460 1118 quibus
1472 1073 1506 1106 &

223 1118 278 1155 illi
291 1118 386 1156 sunt.
401 1121 485 1157 Huc
496 1118 632 1157 referre
647 1120 730 1157 licet
740 1120 840 1170 quod
852 1122 982 1160 Paulus
996 1122 1063 1160 suae
1075 1124 1187 1161 aetatis
1198 1121 1322 1160 fideles
1336 1121 1507 1160 hortatur

225 1182 263 1208 vt
274 1182 379 1221 puras
390 1183 519 1209 manus
529 1172 805 1221 vbiquetollant
814 1173 947 1225 absque
960 1178 1213 1212 contentione:
1229 1176 1311 1225 quia
1324 1173 1507 1212 dimdium

223 1222 388 1275 precibus
400 1226 544 1262 ianuam
558 1223 725 1262 claudere
735 1224 938 1263 admonens
951 1252 961 1270 ,
976 1229 1162 1266 vnanimes
1177 1239 1261 1264 vota
1277 1226 1387 1264 suain
1399 1239 1504 1264 com·

223 1288 337 1313 mune
348 1276 423 1313 vult
435 1274 611 1315 conferre.

274 1340 323 1375 40
362 1327 724 1379 Adscribitur,1psum
737 1326 808 1368 ess’e
819 1331 855 1368 in
869 1330 1031 1369 caelis.E.x
1043 1344 1117 1381 quo
1129 1344 1202 1369 non
1216 1332 1382 1383 protinus
1393 1330 1510 1368 ratio-

224 1379 417 1417 cinandum
433 1381 483 1418 est
495 1393 516 1423 ,⁴
531 1380 645 1431 ipsum
658 1382 733 1419 caeli
754 1381 1032 1421 circunferentia
1045 1411 1054 1427 ‚
1072 1384 1168 1432 quafi
1179 1384 1349 1421 cancellis
1362 1380 1507 1432 quibus-

226 1432 306 1470 dam
323 1459 332 1474 ,
354 1432 532 1470 inclusum
546 1437 579 1470 &
594 1434 887 1485 circunscriptum
901 1435 1054 1488 alligari.
1075 1435 1262 1481 Siquidem
1279 1441 1310 1473 ἅ·
1328 1435 1511 1473 solomon

224 1483 421 1522 confitetur
433 1485 537 1522 caelos
550 1484 719 1523 caelorum
733 1499 817 1523 eum
832 1500 963 1537 capere
976 1502 1049 1524 nou
1062 1485 1174 1537 posse.
1195 1489 1239 1525 Et
1251 1487 1325 1537 ipse
1337 1500 1400 1537 per
1421 1488 1510 1523 Pro-

223 1537 371 1588 phetam
386 1539 449 1579 air,
467 1536 705 1575 caelum'suam
721 1537 840 1575 sedem
856 1536 940 1581 esse,
955 1551 1090 1577 terram
1103 1552 1225 1577 autem
1240 1539 1434 1577 scabellum
1447 1550 1512 1587 pe·

223 1588 310 1627 dum
325 1589 486 1627 suorum.
508 1590 603 1642 Qo
617 1590 748 1628 scilicet
761 1589 935 1644 significat
948 1618 957 1633 ‚
973 1605 1046 1628 non
1059 1604 1157 1629 certa
1172 1591 1294 1641 aliqua
1304 1593 1460 1644 regione
1475 1587 1510 1627 se

223 1641 449 1684 limitari‚sed
460 1641 613 1679 diffundi
628 1655 692 1692 per
704 1639 985 1681 omnia.Verr*1m
1001 1646 1087 1694 quia
1101 1643 1209 1681 aliter
1223 1641 1507 1681 inenarrabilem

225 1697 301 1732 eius
313 1694 469 1747 gloriam
483 1708 584 1732 mens
596 1695 715 1733 nostra
728 1708 794 1746 pro
809 1696 864 1733 sua
875 1694 1031 1733 craffitie
1042 1697 1235 1746 concipere
1247 1709 1320 1732 non
1342 1705 1500 1744 poterat,

224 1747 330 1784 nobis
341 1760 406 1797 per
421 1746 547 1784 caelum
563 1746 748 1798 designata
761 1749 810 1785 est
822 1775 831 1791 ,
845 1761 919 1797 quo
933 1746 1025 1785 nihil
1036 1749 1220 1800 augustius
1233 1759 1295 1785 aut
1307 1746 1505 1783 maiestate

221 1799 364 1851 plenius
377 1799 441 1837 iub
462 1799 643 1849 aspestum
665 1801 826 1837 nostrum
841 1802 960 1837 venire
971 1801 1101 1850 potest.
1117 1799 1305 1851 Qandoi
1336 1801 1405 1836 itur
1422 1797 1497 1834 vbi-

222 1864 366 1901 cunque
378 1865 453 1888 rem
466 1853 674 1902 quampiam
687 1851 967 1903 apprehendunt
981 1851 1099 1889 sensus
1113 1853 1222 1888 nostri
1236 1877 1247 1893 ‚
1273 1812 1422 1905 ailigere
1434 1849 1510 1887 illic

222 1902 460 1941 solennexrra
474 1917 625 1940 omnem
640 1903 764 1942 locum
777 1907 881 1943 Deus
894 1906 1113 1942 statuiturzvt
1125 1903 1210 1940 dum
1223 1916 1385 1952 quaerere
1399 1901 1506 1939 volu-

223 1968 305 1994 mus
318 1956 431 2005 ipsum
446 1982 455 1997 ,
470 1956 571 2005 supra
584 1969 734 1994 omnem
749 1959 916 2008 corporis
934 1961 968 1994 Sc
983 1958 1113 1993 animae
1127 1954 1263 1993 sensum
1280 1955 1506 1993 attollamur.

222 2008 369 2047 Deinde
383 2007 448 2045 hac
462 2007 634 2058 loquendi
649 2006 820 2050 formula,
834 2009 935 2059 supra
948 2020 1097 2045 omnem
1112 2020 1173 2045 aut
1184 2009 1431 2058 corruptionis
1441 2019 1508 2045 aut

222 2062 439 2098 murarionis
455 2060 571 2097 aleam
587 2061 767 2098 euehitur.
778 2060 926 2098 demum
942 2059 1146 2097 vniuersum
1159 2058 1290 2096 orbem
1306 2059 1506 2109 compleCfi

224 2118 257 2151 ὅ(
272 2114 460 2150 continere
472 2139 482 2155 ,
507 2110 639 2163 furique
649 2115 813 2163 potentia
831 2112 1007 2149 moderari
1022 2109 1249 2163 significatur.
1283 2111 1419 2162 Qare
1433 2109 1505 2147 hoc

221 2165 372 2216 perinde
382 2166 430 2202 est
441 2166 507 2202 acfi
521 2165 636 2202 dietus
650 2163 739 2204 esser
749 2163 899 2202 infinitae
911 2163 1169 2216 magnitudinis
1185 2176 1247 2200 aut
1263 2162 1505 2204 sublimitatis,

222 2216 557 2267 incoprehenfibilis
572 2212 929 2259 effentiae,immensae
940 2217 1270 2266 potentiae,aeternae
1281 2214 1509 2252 immortali-

224 2274 321 2307 tatis.
347 2269 385 2306 Id
395 2271 481 2309 vero
493 2270 580 2307 'dum
594 2267 762 2307 audimus
776 2295 785 2310 ,
801 2269 984 2306 exerenda
998 2270 1046 2305 est
1059 2266 1167 2304 altius
1180 2269 1299 2305 nostra
1310 2268 1502 2318 cogitatio,

223 2336 337 2372 quum
349 2321 395 2359 de
407 2324 491 2361 Deo
507 2324 626 2359 sermo
637 2321 750 2359 estzne
761 2324 952 2371 quicquam
967 2332 1152 2360 terrenum
1165 2331 1229 2357 aut
1240 2320 1382 2357 carnale
1397 2317 1443 2355 de
1456 2331 1504 2355 eo

224 2375 301 2412 [σῃ]
309 2376 404 2411 niem
412 2388 513 2412 uszne
523 2374 638 2425 ipsum
652 2374 779 2411 nostris
792 2371 947 2410 modulis
961 2370 1269 2413 metiamur,ne've
1282 2374 1357 2410 eius
1372 2371 1506 2408 volun»

226 2440 339 2465 tatem
351 2426 396 2465 ad
417 2428 557 2466 nostros
579 2423 731 2465 affectus
752 2428 955 2478 exigamus.
981 2424 1094 2464 Simul
1116 2423 1289 2476 erigenda
1309 2424 1359 2462 est
1377 2423 1506 2514 ggstra

1434 2486 1510 2513 ucia
