<?xml version="1.0" encoding="UTF-8"?>
<!DOCTYPE html PUBLIC "-//W3C//DTD XHTML 1.0 Transitional//EN"
    "http://www.w3.org/TR/xhtml1/DTD/xhtml1-transitional.dtd">
<html xmlns="http://www.w3.org/1999/xhtml" xml:lang="en" lang="en">
 <head>
  <title>
</title>
<meta http-equiv="Content-Type" content="text/html;charset=utf-8" />
  <meta name='ocr-system' content='tesseract 3.04.00' />
  <meta name='ocr-capabilities' content='ocr_page ocr_carea ocr_par ocr_line ocrx_word'/>
</head>
<body>
  <div class='ocr_page' id='page_1' title='image "./institutiochrist00calv_0143.png"; bbox 0 0 1591 2775; ppageno 0'>
   <div class='ocr_carea' id='block_1_1' title="bbox 479 19 1352 64">
    <p class='ocr_par' dir='ltr' id='par_1_1' title="bbox 479 19 1352 64">
     <span class='ocr_line' id='line_1_1' title="bbox 479 19 1352 64; baseline -0.003 -8"><span class='ocrx_word' id='word_1_1' title='bbox 479 19 734 58; x_wconf 78' lang='lat' dir='ltr'>CAPVT</span> <span class='ocrx_word' id='word_1_2' title='bbox 787 20 930 58; x_wconf 60' lang='lat' dir='ltr'>xv1„</span> <span class='ocrx_word' id='word_1_3' title='bbox 1290 27 1352 64; x_wconf 74' lang='grc' dir='ltr'><strong>ως</strong></span> 
     </span>
    </p>
   </div>
   <div class='ocr_carea' id='block_1_2' title="bbox 2 85 1522 2567">
    <p class='ocr_par' dir='ltr' id='par_1_2' title="bbox 2 85 1522 2567">
     <span class='ocr_line' id='line_1_2' title="bbox 53 85 1521 139; baseline -0.004 -5"><span class='ocrx_word' id='word_1_4' title='bbox 53 93 223 135; x_wconf 66' lang='lat' dir='ltr'><strong>‚omnium</strong></span> <span class='ocrx_word' id='word_1_5' title='bbox 235 89 384 131; x_wconf 87' lang='lat' dir='ltr'><strong>laudem</strong></span> <span class='ocrx_word' id='word_1_6' title='bbox 398 90 463 129; x_wconf 84' lang='lat' dir='ltr'><strong>fibi</strong></span> <span class='ocrx_word' id='word_1_7' title='bbox 478 91 684 129; x_wconf 80' lang='lat' dir='ltr'>vendicaret</span> <span class='ocrx_word' id='word_1_8' title='bbox 697 117 707 132; x_wconf 86' lang='lat'>,</span> <span class='ocrx_word' id='word_1_9' title='bbox 722 85 807 139; x_wconf 71' lang='lat' dir='ltr'><strong>ante</strong></span> <span class='ocrx_word' id='word_1_10' title='bbox 823 95 859 128; x_wconf 72' lang='grc'><strong>8(</strong></span> <span class='ocrx_word' id='word_1_11' title='bbox 875 90 998 128; x_wconf 88' lang='lat' dir='ltr'><strong>lucem</strong></span> <span class='ocrx_word' id='word_1_12' title='bbox 1014 100 1142 128; x_wconf 83' lang='lat' dir='ltr'>extare</span> <span class='ocrx_word' id='word_1_13' title='bbox 1154 88 1295 132; x_wconf 84' lang='lat' dir='ltr'><strong>voluit,</strong></span> <span class='ocrx_word' id='word_1_14' title='bbox 1313 93 1349 126; x_wconf 74' lang='grc'><strong>8(</strong></span> <span class='ocrx_word' id='word_1_15' title='bbox 1369 93 1521 128; x_wconf 56' lang='lat' dir='ltr'><strong>Gemma.</strong></span> 
     </span>
     <span class='ocr_line' id='line_1_3' title="bbox 58 138 1522 196; baseline -0.004 -10"><span class='ocrx_word' id='word_1_16' title='bbox 58 160 192 186; x_wconf 85' lang='lat' dir='ltr'><strong>terram</strong></span> <span class='ocrx_word' id='word_1_17' title='bbox 206 148 309 184; x_wconf 88' lang='lat' dir='ltr'><strong>omni</strong></span> <span class='ocrx_word' id='word_1_18' title='bbox 335 144 532 182; x_wconf 86' lang='lat' dir='ltr'><strong>herbarum</strong></span> <span class='ocrx_word' id='word_1_19' title='bbox 547 148 582 181; x_wconf 87' lang='lat'>&amp;</span> <span class='ocrx_word' id='word_1_20' title='bbox 602 141 787 182; x_wconf 64' lang='lat' dir='ltr'><strong>fruetuum</strong></span> <span class='ocrx_word' id='word_1_21' title='bbox 805 154 944 196; x_wconf 86' lang='lat' dir='ltr'><strong>genere</strong></span> <span class='ocrx_word' id='word_1_22' title='bbox 967 141 1144 180; x_wconf 86' lang='lat' dir='ltr'><strong>refertam</strong></span> <span class='ocrx_word' id='word_1_23' title='bbox 1158 138 1229 179; x_wconf 78' lang='lat' dir='ltr'><strong>esse</strong></span> <span class='ocrx_word' id='word_1_24' title='bbox 1240 138 1348 192; x_wconf 65' lang='lat' dir='ltr'><strong>quam</strong></span> <span class='ocrx_word' id='word_1_25' title='bbox 1369 150 1444 190; x_wconf 74' lang='lat'><strong>3‚&amp;</strong></span> <span class='ocrx_word' id='word_1_26' title='bbox 1455 142 1522 180; x_wconf 72' lang='lat' dir='ltr'><strong>bn</strong></span> 
     </span>
     <span class='ocr_line' id='line_1_4' title="bbox 2 193 1348 247; baseline -0.004 -10"><span class='ocrx_word' id='word_1_27' title='bbox 2 207 5 209; x_wconf 86' lang='grc'><strong>’</strong></span> <span class='ocrx_word' id='word_1_28' title='bbox 54 199 170 237; x_wconf 78' lang='lat' dir='ltr'><strong>solem</strong></span> <span class='ocrx_word' id='word_1_29' title='bbox 184 210 334 237; x_wconf 87' lang='lat' dir='ltr'><strong>crearet.</strong></span> <span class='ocrx_word' id='word_1_30' title='bbox 350 199 440 235; x_wconf 91' lang='lat' dir='ltr'><strong>Non</strong></span> <span class='ocrx_word' id='word_1_31' title='bbox 451 205 541 247; x_wconf 85' lang='lat' dir='ltr'><strong>ergo</strong></span> <span class='ocrx_word' id='word_1_32' title='bbox 555 195 674 233; x_wconf 89' lang='lat' dir='ltr'><strong>solem</strong></span> <span class='ocrx_word' id='word_1_33' title='bbox 695 193 807 233; x_wconf 83' lang='lat' dir='ltr'><strong>faciet</strong></span> <span class='ocrx_word' id='word_1_34' title='bbox 819 196 895 245; x_wconf 86' lang='lat' dir='ltr'><strong>pius</strong></span> <span class='ocrx_word' id='word_1_35' title='bbox 908 193 1024 232; x_wconf 85' lang='lat' dir='ltr'><strong>homo</strong></span> <span class='ocrx_word' id='word_1_36' title='bbox 1038 194 1095 232; x_wconf 92' lang='lat' dir='ltr'><strong>vel</strong></span> <span class='ocrx_word' id='word_1_37' title='bbox 1109 194 1348 246; x_wconf 80' lang='lat' dir='ltr'>principalem</span> 
     </span>
     <span class='ocr_line' id='line_1_5' title="bbox 55 246 1341 298; baseline -0.005 -9"><span class='ocrx_word' id='word_1_38' title='bbox 55 252 116 289; x_wconf 89' lang='lat' dir='ltr'><strong>vel</strong></span> <span class='ocrx_word' id='word_1_39' title='bbox 129 248 365 289; x_wconf 87' lang='lat' dir='ltr'><strong>neceffariam</strong></span> <span class='ocrx_word' id='word_1_40' title='bbox 380 261 510 287; x_wconf 86' lang='lat' dir='ltr'><strong>eorum</strong></span> <span class='ocrx_word' id='word_1_41' title='bbox 523 246 667 285; x_wconf 84' lang='lat' dir='ltr'><strong>causam</strong></span> <span class='ocrx_word' id='word_1_42' title='bbox 681 260 759 298; x_wconf 81' lang='lat' dir='ltr'><strong>quae</strong></span> <span class='ocrx_word' id='word_1_43' title='bbox 770 259 856 286; x_wconf 89' lang='lat' dir='ltr'><strong>ante</strong></span> <span class='ocrx_word' id='word_1_44' title='bbox 869 246 952 285; x_wconf 84' lang='lat' dir='ltr'><strong>solis</strong></span> <span class='ocrx_word' id='word_1_45' title='bbox 969 248 1198 285; x_wconf 81' lang='lat' dir='ltr'>creationem</span> <span class='ocrx_word' id='word_1_46' title='bbox 1210 248 1341 284; x_wconf 81' lang='lat' dir='ltr'><strong>extite-</strong></span> 
     </span>
     <span class='ocr_line' id='line_1_6' title="bbox 54 298 1348 350; baseline -0.005 -8"><span class='ocrx_word' id='word_1_47' title='bbox 54 316 141 343; x_wconf 86' lang='lat' dir='ltr'><strong>runt</strong></span> <span class='ocrx_word' id='word_1_48' title='bbox 154 330 165 346; x_wconf 91' lang='lat'>,</span> <span class='ocrx_word' id='word_1_49' title='bbox 179 304 237 342; x_wconf 83' lang='lat' dir='ltr'><strong>sed</strong></span> <span class='ocrx_word' id='word_1_50' title='bbox 257 305 535 340; x_wconf 82' lang='lat' dir='ltr'><strong>instrumentum</strong></span> <span class='ocrx_word' id='word_1_51' title='bbox 549 299 725 338; x_wconf 80' lang='lat' dir='ltr'>duntaxat</span> <span class='ocrx_word' id='word_1_52' title='bbox 738 313 811 350; x_wconf 84' lang='lat' dir='ltr'><strong>quo</strong></span> <span class='ocrx_word' id='word_1_53' title='bbox 826 301 939 339; x_wconf 86' lang='lat' dir='ltr'><strong>vtitur</strong></span> <span class='ocrx_word' id='word_1_54' title='bbox 952 302 1054 337; x_wconf 79' lang='lat' dir='ltr'><strong>Deus</strong></span> <span class='ocrx_word' id='word_1_55' title='bbox 1065 326 1075 340; x_wconf 83' lang='lat'>,</span> <span class='ocrx_word' id='word_1_56' title='bbox 1090 300 1174 350; x_wconf 85' lang='lat' dir='ltr'><strong>quia</strong></span> <span class='ocrx_word' id='word_1_57' title='bbox 1194 300 1243 336; x_wconf 89' lang='lat' dir='ltr'><strong>ita</strong></span> <span class='ocrx_word' id='word_1_58' title='bbox 1255 298 1348 336; x_wconf 87' lang='lat' dir='ltr'><strong>vult:</strong></span> 
     </span>
     <span class='ocr_line' id='line_1_7' title="bbox 55 348 1348 408; baseline -0.005 -14"><span class='ocrx_word' id='word_1_59' title='bbox 55 369 172 403; x_wconf 83' lang='lat' dir='ltr'><strong>quum</strong></span> <span class='ocrx_word' id='word_1_60' title='bbox 192 348 302 408; x_wconf 56' lang='lat' dir='ltr'><strong>po&#39;ffit</strong></span> <span class='ocrx_word' id='word_1_61' title='bbox 315 381 325 396; x_wconf 82' lang='lat'>‚</span> <span class='ocrx_word' id='word_1_62' title='bbox 341 368 386 392; x_wconf 89' lang='lat' dir='ltr'><strong>eo</strong></span> <span class='ocrx_word' id='word_1_63' title='bbox 412 355 599 404; x_wconf 82' lang='lat' dir='ltr'><strong>praeterito</strong></span> <span class='ocrx_word' id='word_1_64' title='bbox 611 379 620 394; x_wconf 90' lang='lat'><strong>‚</strong></span> <span class='ocrx_word' id='word_1_65' title='bbox 644 366 709 403; x_wconf 87' lang='lat' dir='ltr'><strong>per</strong></span> <span class='ocrx_word' id='word_1_66' title='bbox 733 353 886 402; x_wconf 71' lang='lat' dir='ltr'><strong>seipsum</strong></span> <span class='ocrx_word' id='word_1_67' title='bbox 909 351 1000 389; x_wconf 86' lang='lat' dir='ltr'><strong>nihil</strong></span> <span class='ocrx_word' id='word_1_68' title='bbox 1022 349 1204 390; x_wconf 86' lang='lat' dir='ltr'><strong>difficilius</strong></span> <span class='ocrx_word' id='word_1_69' title='bbox 1226 364 1348 403; x_wconf 80' lang='lat' dir='ltr'><strong>agere.</strong></span> 
     </span>
     <span class='ocr_line' id='line_1_8' title="bbox 53 402 1521 461; baseline -0.005 -15"><span class='ocrx_word' id='word_1_70' title='bbox 53 408 202 447; x_wconf 86' lang='lat' dir='ltr'>Deinde</span> <span class='ocrx_word' id='word_1_71' title='bbox 225 421 339 458; x_wconf 86' lang='lat' dir='ltr'><strong>quum</strong></span> <span class='ocrx_word' id='word_1_72' title='bbox 360 407 520 460; x_wconf 83' lang='lat' dir='ltr'><strong>legimus</strong></span> <span class='ocrx_word' id='word_1_73' title='bbox 542 404 658 443; x_wconf 86' lang='lat' dir='ltr'><strong>biduo</strong></span> <span class='ocrx_word' id='word_1_74' title='bbox 671 405 785 442; x_wconf 88' lang='lat' dir='ltr'><strong>solem</strong></span> <span class='ocrx_word' id='word_1_75' title='bbox 808 402 1001 443; x_wconf 71' lang='lat' dir='ltr'><strong>substitisse</strong></span> <span class='ocrx_word' id='word_1_76' title='bbox 1025 406 1061 441; x_wconf 89' lang='lat' dir='ltr'><strong>in</strong></span> <span class='ocrx_word' id='word_1_77' title='bbox 1075 418 1147 442; x_wconf 90' lang='lat' dir='ltr'><strong>vno</strong></span> <span class='ocrx_word' id='word_1_78' title='bbox 1166 404 1284 458; x_wconf 85' lang='lat' dir='ltr'><strong>gradu</strong></span> <span class='ocrx_word' id='word_1_79' title='bbox 1307 402 1352 440; x_wconf 89' lang='lat' dir='ltr'><strong>ad</strong></span> <span class='ocrx_word' id='word_1_80' title='bbox 1369 414 1521 461; x_wconf 30' lang='lat' dir='ltr'><strong>lifing..</strong></span> 
     </span>
     <span class='ocr_line' id='line_1_9' title="bbox 54 451 1445 511; baseline -0.004 -13"><span class='ocrx_word' id='word_1_81' title='bbox 54 474 182 511; x_wconf 84' lang='lat' dir='ltr'><strong>preces</strong></span> <span class='ocrx_word' id='word_1_82' title='bbox 196 460 300 497; x_wconf 85' lang='lat' dir='ltr'><strong>Iosue</strong></span> <span class='ocrx_word' id='word_1_83' title='bbox 313 486 321 502; x_wconf 92' lang='lat'>‚</span> <span class='ocrx_word' id='word_1_84' title='bbox 336 460 540 511; x_wconf 79' lang='lat' dir='ltr'><strong>ingratiam</strong></span> <span class='ocrx_word' id='word_1_85' title='bbox 554 459 651 511; x_wconf 81' lang='lat' dir='ltr'><strong>regis</strong></span> <span class='ocrx_word' id='word_1_86' title='bbox 666 457 828 495; x_wconf 69' lang='lat' dir='ltr'><strong>Ezechiae</strong></span> <span class='ocrx_word' id='word_1_87' title='bbox 842 458 1006 495; x_wconf 88' lang='lat' dir='ltr'><strong>vmbram</strong></span> <span class='ocrx_word' id='word_1_88' title='bbox 1019 458 1099 494; x_wconf 85' lang='lat' dir='ltr'><strong>eius</strong></span> <span class='ocrx_word' id='word_1_89' title='bbox 1113 451 1352 495; x_wconf 80' lang='lat' dir='ltr'><strong>retroceffiffe</strong></span> <span class='ocrx_word' id='word_1_90' title='bbox 1367 460 1445 511; x_wconf 40' lang='lat'><strong>⁶53·</strong></span> 
     </span>
     <span class='ocr_line' id='line_1_10' title="bbox 54 508 1511 567; baseline -0.003 -17"><span class='ocrx_word' id='word_1_91' title='bbox 54 526 120 564; x_wconf 84' lang='lat' dir='ltr'><strong>per</strong></span> <span class='ocrx_word' id='word_1_92' title='bbox 133 512 260 550; x_wconf 89' lang='lat' dir='ltr'><strong>decem</strong></span> <span class='ocrx_word' id='word_1_93' title='bbox 272 511 405 563; x_wconf 79' lang='lat' dir='ltr'><strong>gradus</strong></span> <span class='ocrx_word' id='word_1_94' title='bbox 418 539 427 555; x_wconf 94' lang='lat'>‚</span> <span class='ocrx_word' id='word_1_95' title='bbox 442 514 561 562; x_wconf 81' lang='lat' dir='ltr'>paucis</span> <span class='ocrx_word' id='word_1_96' title='bbox 573 510 644 548; x_wconf 80' lang='lat' dir='ltr'><strong>illis</strong></span> <span class='ocrx_word' id='word_1_97' title='bbox 656 511 840 549; x_wconf 79' lang='lat' dir='ltr'>miraculis</span> <span class='ocrx_word' id='word_1_98' title='bbox 855 512 1000 548; x_wconf 83' lang='lat' dir='ltr'><strong>testatus</strong></span> <span class='ocrx_word' id='word_1_99' title='bbox 1013 510 1061 548; x_wconf 87' lang='lat' dir='ltr'><strong>est</strong></span> <span class='ocrx_word' id='word_1_100' title='bbox 1074 512 1179 547; x_wconf 86' lang='lat' dir='ltr'><strong>Deus</strong></span> <span class='ocrx_word' id='word_1_101' title='bbox 1190 536 1199 553; x_wconf 88' lang='lat'><strong>‚</strong></span> <span class='ocrx_word' id='word_1_102' title='bbox 1216 523 1289 547; x_wconf 87' lang='lat' dir='ltr'><strong>non</strong></span> <span class='ocrx_word' id='word_1_103' title='bbox 1305 508 1352 545; x_wconf 85' lang='lat' dir='ltr'><strong>fic</strong></span> <span class='ocrx_word' id='word_1_104' title='bbox 1368 532 1400 554; x_wconf 63' lang='lat'><strong>2,</strong></span> <span class='ocrx_word' id='word_1_105' title='bbox 1412 519 1511 567; x_wconf 45' lang='lat' dir='ltr'><strong>RQ)</strong></span> 
     </span>
     <span class='ocr_line' id='line_1_11' title="bbox 21 558 1491 616; baseline -0.003 -12"><span class='ocrx_word' id='word_1_106' title='bbox 21 611 23 613; x_wconf 21' lang='lat'><strong><em>¹</em></strong></span> <span class='ocrx_word' id='word_1_107' title='bbox 53 564 224 616; x_wconf 86' lang='lat' dir='ltr'><strong>quotidie</strong></span> <span class='ocrx_word' id='word_1_108' title='bbox 234 578 330 603; x_wconf 88' lang='lat' dir='ltr'><strong>caeco</strong></span> <span class='ocrx_word' id='word_1_109' title='bbox 350 563 668 603; x_wconf 63' lang='lat' dir='ltr'><strong>naturaeinstimstu</strong></span> <span class='ocrx_word' id='word_1_110' title='bbox 689 562 803 600; x_wconf 82' lang='lat' dir='ltr'><strong>solem</strong></span> <span class='ocrx_word' id='word_1_111' title='bbox 825 565 963 601; x_wconf 84' lang='lat' dir='ltr'><strong>oriri&amp;</strong></span> <span class='ocrx_word' id='word_1_112' title='bbox 976 562 1250 613; x_wconf 86' lang='lat' dir='ltr'><strong>occidere‚quin</strong></span> <span class='ocrx_word' id='word_1_113' title='bbox 1274 561 1349 612; x_wconf 88' lang='lat' dir='ltr'><strong>ipse</strong></span> <span class='ocrx_word' id='word_1_114' title='bbox 1368 558 1491 610; x_wconf 52' lang='lat' dir='ltr'><strong>uns„</strong></span> 
     </span>
     <span class='ocr_line' id='line_1_12' title="bbox 54 613 1349 667; baseline -0.004 -11"><span class='ocrx_word' id='word_1_115' title='bbox 54 617 101 656; x_wconf 84' lang='lat' dir='ltr'><strong>ad</strong></span> <span class='ocrx_word' id='word_1_116' title='bbox 111 617 360 656; x_wconf 79' lang='lat' dir='ltr'><strong>renouandam</strong></span> <span class='ocrx_word' id='word_1_117' title='bbox 384 617 524 665; x_wconf 86' lang='lat' dir='ltr'><strong>paterni</strong></span> <span class='ocrx_word' id='word_1_118' title='bbox 546 627 635 667; x_wconf 82' lang='lat' dir='ltr'><strong>erga</strong></span> <span class='ocrx_word' id='word_1_119' title='bbox 650 630 718 653; x_wconf 83' lang='lat' dir='ltr'><strong>nos</strong></span> <span class='ocrx_word' id='word_1_120' title='bbox 733 616 782 653; x_wconf 84' lang='lat' dir='ltr'><strong>sui</strong></span> <span class='ocrx_word' id='word_1_121' title='bbox 807 614 942 654; x_wconf 81' lang='lat' dir='ltr'><strong>fauoris</strong></span> <span class='ocrx_word' id='word_1_122' title='bbox 964 617 1183 653; x_wconf 80' lang='lat' dir='ltr'><strong>memoriam</strong></span> <span class='ocrx_word' id='word_1_123' title='bbox 1205 613 1349 652; x_wconf 87' lang='lat' dir='ltr'><strong>cursum</strong></span> 
     </span>
     <span class='ocr_line' id='line_1_13' title="bbox 54 664 1348 722; baseline -0.002 -15"><span class='ocrx_word' id='word_1_124' title='bbox 54 672 134 708; x_wconf 87' lang='lat' dir='ltr'><strong>eius</strong></span> <span class='ocrx_word' id='word_1_125' title='bbox 153 669 348 722; x_wconf 79' lang='lat' dir='ltr'><strong>gubernet.</strong></span> <span class='ocrx_word' id='word_1_126' title='bbox 379 668 486 707; x_wconf 87' lang='lat' dir='ltr'><strong>Nihil</strong></span> <span class='ocrx_word' id='word_1_127' title='bbox 507 671 625 721; x_wconf 79' lang='lat' dir='ltr'><strong>magis</strong></span> <span class='ocrx_word' id='word_1_128' title='bbox 648 668 816 705; x_wconf 84' lang='lat' dir='ltr'><strong>naturale</strong></span> <span class='ocrx_word' id='word_1_129' title='bbox 828 670 877 705; x_wconf 91' lang='lat' dir='ltr'><strong>est</strong></span> <span class='ocrx_word' id='word_1_130' title='bbox 891 666 1000 719; x_wconf 72' lang='lat' dir='ltr'><strong>quam</strong></span> <span class='ocrx_word' id='word_1_131' title='bbox 1014 665 1089 704; x_wconf 87' lang='lat' dir='ltr'><strong>&#39;ver</strong></span> <span class='ocrx_word' id='word_1_132' title='bbox 1107 667 1258 719; x_wconf 81' lang='lat' dir='ltr'><strong>hyemi,</strong></span> <span class='ocrx_word' id='word_1_133' title='bbox 1272 664 1348 704; x_wconf 87' lang='lat' dir='ltr'><strong>veri</strong></span> 
     </span>
     <span class='ocr_line' id='line_1_14' title="bbox 54 718 1349 769; baseline -0.004 -8"><span class='ocrx_word' id='word_1_134' title='bbox 54 723 214 761; x_wconf 84' lang='lat' dir='ltr'><strong>aestatem</strong></span> <span class='ocrx_word' id='word_1_135' title='bbox 229 750 239 766; x_wconf 88' lang='lat'>‚</span> <span class='ocrx_word' id='word_1_136' title='bbox 253 723 364 760; x_wconf 81' lang='lat' dir='ltr'><strong>aestati</strong></span> <span class='ocrx_word' id='word_1_137' title='bbox 377 734 596 759; x_wconf 84' lang='lat' dir='ltr'>autumnum</span> <span class='ocrx_word' id='word_1_138' title='bbox 609 718 759 758; x_wconf 80' lang='lat' dir='ltr'><strong>vicissim</strong></span> <span class='ocrx_word' id='word_1_139' title='bbox 773 720 980 758; x_wconf 86' lang='lat' dir='ltr'><strong>succedere.</strong></span> <span class='ocrx_word' id='word_1_140' title='bbox 1003 722 1117 769; x_wconf 87' lang='lat' dir='ltr'>Atqui</span> <span class='ocrx_word' id='word_1_141' title='bbox 1130 722 1164 758; x_wconf 89' lang='lat' dir='ltr'><strong>in</strong></span> <span class='ocrx_word' id='word_1_142' title='bbox 1178 720 1245 760; x_wconf 88' lang='lat' dir='ltr'><strong>hac</strong></span> <span class='ocrx_word' id='word_1_143' title='bbox 1255 720 1349 758; x_wconf 84' lang='lat' dir='ltr'><strong>serie</strong></span> 
     </span>
     <span class='ocr_line' id='line_1_15' title="bbox 53 770 1347 826; baseline -0.003 -13"><span class='ocrx_word' id='word_1_144' title='bbox 53 787 156 813; x_wconf 89' lang='lat' dir='ltr'><strong>tanta</strong></span> <span class='ocrx_word' id='word_1_145' title='bbox 175 775 385 826; x_wconf 85' lang='lat' dir='ltr'><strong>perspicitur</strong></span> <span class='ocrx_word' id='word_1_146' title='bbox 404 787 446 811; x_wconf 87' lang='lat' dir='ltr'><strong>ac</strong></span> <span class='ocrx_word' id='word_1_147' title='bbox 468 786 543 811; x_wconf 87' lang='lat' dir='ltr'><strong>tam</strong></span> <span class='ocrx_word' id='word_1_148' title='bbox 563 772 747 822; x_wconf 72' lang='lat' dir='ltr'><strong>inaequalis</strong></span> <span class='ocrx_word' id='word_1_149' title='bbox 773 772 956 811; x_wconf 67' lang='lat' dir='ltr'><strong>diuersitas</strong></span> <span class='ocrx_word' id='word_1_150' title='bbox 969 799 979 815; x_wconf 86' lang='lat'>,</span> <span class='ocrx_word' id='word_1_151' title='bbox 995 786 1033 811; x_wconf 90' lang='lat' dir='ltr'><strong>vt</strong></span> <span class='ocrx_word' id='word_1_152' title='bbox 1046 770 1156 810; x_wconf 66' lang='lat' dir='ltr'><strong>Facile</strong></span> <span class='ocrx_word' id='word_1_153' title='bbox 1171 783 1347 824; x_wconf 86' lang='lat' dir='ltr'><strong>appareat</strong></span> 
     </span>
     <span class='ocr_line' id='line_1_16' title="bbox 53 823 1352 880; baseline -0.001 -17"><span class='ocrx_word' id='word_1_154' title='bbox 53 827 214 880; x_wconf 77' lang='lat' dir='ltr'><strong>fingulos</strong></span> <span class='ocrx_word' id='word_1_155' title='bbox 228 840 344 864; x_wconf 83' lang='lat' dir='ltr'><strong>annos</strong></span> <span class='ocrx_word' id='word_1_156' title='bbox 358 853 367 871; x_wconf 92' lang='lat'>,</span> <span class='ocrx_word' id='word_1_157' title='bbox 382 827 523 865; x_wconf 84' lang='lat' dir='ltr'><strong>menses</strong></span> <span class='ocrx_word' id='word_1_158' title='bbox 544 830 579 863; x_wconf 84' lang='lat'>&amp;</span> <span class='ocrx_word' id='word_1_159' title='bbox 599 825 675 863; x_wconf 82' lang='lat' dir='ltr'><strong>dics</strong></span> <span class='ocrx_word' id='word_1_160' title='bbox 696 837 798 879; x_wconf 79' lang='lat' dir='ltr'><strong>noua</strong></span> <span class='ocrx_word' id='word_1_161' title='bbox 813 830 846 863; x_wconf 74' lang='grc' dir='ltr'><strong>δε</strong></span> <span class='ocrx_word' id='word_1_162' title='bbox 862 823 1007 878; x_wconf 84' lang='lat' dir='ltr'><strong>speciali</strong></span> <span class='ocrx_word' id='word_1_163' title='bbox 1031 827 1101 863; x_wconf 87' lang='lat' dir='ltr'><strong>Dei</strong></span> <span class='ocrx_word' id='word_1_164' title='bbox 1115 825 1352 877; x_wconf 83' lang='lat' dir='ltr'><strong>prouidentia</strong></span> 
     </span>
     <span class='ocr_line' id='line_1_17' title="bbox 55 881 266 931; baseline -0.014 -14"><span class='ocrx_word' id='word_1_165' title='bbox 55 881 266 931; x_wconf 78' lang='lat' dir='ltr'><strong>temperari.</strong></span> 
     </span>
     <span class='ocr_line' id='line_1_18' title="bbox 53 927 1352 983; baseline -0.002 -14"><span class='ocrx_word' id='word_1_166' title='bbox 53 928 57 935; x_wconf 62' lang='lat'><em>¹</em></span> <span class='ocrx_word' id='word_1_167' title='bbox 109 944 124 977; x_wconf 77' lang='lat'><em>3</em></span> <span class='ocrx_word' id='word_1_168' title='bbox 181 934 225 970; x_wconf 83' lang='lat' dir='ltr'><strong>Et</strong></span> <span class='ocrx_word' id='word_1_169' title='bbox 239 927 320 970; x_wconf 68' lang='lat' dir='ltr'><strong>sa‘ne</strong></span> <span class='ocrx_word' id='word_1_170' title='bbox 334 931 645 983; x_wconf 82' lang='lat' dir='ltr'><strong>omnipotentiam</strong></span> <span class='ocrx_word' id='word_1_171' title='bbox 660 930 724 968; x_wconf 87' lang='lat' dir='ltr'><strong>fibi</strong></span> <span class='ocrx_word' id='word_1_172' title='bbox 738 929 907 968; x_wconf 85' lang='lat' dir='ltr'><strong>vendicat</strong></span> <span class='ocrx_word' id='word_1_173' title='bbox 918 944 959 968; x_wconf 91' lang='lat' dir='ltr'><strong>ac</strong></span> <span class='ocrx_word' id='word_1_174' title='bbox 973 929 1109 969; x_wconf 86' lang='lat' dir='ltr'><strong>deferri</strong></span> <span class='ocrx_word' id='word_1_175' title='bbox 1122 927 1141 968; x_wconf 69' lang='lat' dir='ltr'><strong>a</strong></span> <span class='ocrx_word' id='word_1_176' title='bbox 1152 930 1256 968; x_wconf 78' lang='lat' dir='ltr'><strong>nobis</strong></span> <span class='ocrx_word' id='word_1_177' title='bbox 1278 927 1352 967; x_wconf 88' lang='lat' dir='ltr'><strong>vult</strong></span> 
     </span>
     <span class='ocr_line' id='line_1_19' title="bbox 55 980 1350 1036; baseline -0.003 -13"><span class='ocrx_word' id='word_1_178' title='bbox 55 988 159 1023; x_wconf 85' lang='lat' dir='ltr'><strong>Deus</strong></span> <span class='ocrx_word' id='word_1_179' title='bbox 172 1011 181 1028; x_wconf 93' lang='lat'>‚</span> <span class='ocrx_word' id='word_1_180' title='bbox 195 998 269 1021; x_wconf 87' lang='lat' dir='ltr'><strong>non</strong></span> <span class='ocrx_word' id='word_1_181' title='bbox 284 985 432 1036; x_wconf 86' lang='lat' dir='ltr'><strong>qualem</strong></span> <span class='ocrx_word' id='word_1_182' title='bbox 455 983 619 1029; x_wconf 83' lang='lat' dir='ltr'><strong>sophistae</strong></span> <span class='ocrx_word' id='word_1_183' title='bbox 631 982 778 1035; x_wconf 84' lang='lat' dir='ltr'><strong>fingunt</strong></span> <span class='ocrx_word' id='word_1_184' title='bbox 794 984 940 1020; x_wconf 85' lang='lat' dir='ltr'><strong>inanem</strong></span> <span class='ocrx_word' id='word_1_185' title='bbox 953 1010 962 1025; x_wconf 92' lang='lat'>‚</span> <span class='ocrx_word' id='word_1_186' title='bbox 978 985 1137 1021; x_wconf 72' lang='lat' dir='ltr'><strong>otiosam</strong></span> <span class='ocrx_word' id='word_1_187' title='bbox 1151 989 1184 1021; x_wconf 66' lang='grc' dir='ltr'><strong>ὃς</strong></span> <span class='ocrx_word' id='word_1_188' title='bbox 1199 980 1277 1020; x_wconf 74' lang='lat' dir='ltr'><strong>fere</strong></span> <span class='ocrx_word' id='word_1_189' title='bbox 1293 984 1350 1019; x_wconf 89' lang='lat' dir='ltr'><strong>so-</strong></span> 
     </span>
     <span class='ocr_line' id='line_1_20' title="bbox 53 1033 1351 1088; baseline -0.002 -14"><span class='ocrx_word' id='word_1_190' title='bbox 53 1040 171 1088; x_wconf 88' lang='lat' dir='ltr'><strong>pitam</strong></span> <span class='ocrx_word' id='word_1_191' title='bbox 184 1052 192 1074; x_wconf 93' lang='lat'><strong>:</strong></span> <span class='ocrx_word' id='word_1_192' title='bbox 205 1036 265 1074; x_wconf 84' lang='lat' dir='ltr'><strong>sed</strong></span> <span class='ocrx_word' id='word_1_193' title='bbox 279 1036 441 1087; x_wconf 80' lang='lat' dir='ltr'><strong>vigilem,</strong></span> <span class='ocrx_word' id='word_1_194' title='bbox 454 1033 651 1077; x_wconf 84' lang='lat' dir='ltr'><strong>efficacem,</strong></span> <span class='ocrx_word' id='word_1_195' title='bbox 669 1035 918 1085; x_wconf 83' lang='lat' dir='ltr'><strong>operosam,&amp;</strong></span> <span class='ocrx_word' id='word_1_196' title='bbox 934 1049 1012 1085; x_wconf 82' lang='lat' dir='ltr'><strong>quae</strong></span> <span class='ocrx_word' id='word_1_197' title='bbox 1024 1037 1061 1073; x_wconf 89' lang='lat' dir='ltr'><strong>in</strong></span> <span class='ocrx_word' id='word_1_198' title='bbox 1074 1039 1255 1074; x_wconf 88' lang='lat' dir='ltr'><strong>continuo</strong></span> <span class='ocrx_word' id='word_1_199' title='bbox 1267 1035 1351 1073; x_wconf 56' lang='lat' dir='ltr'><strong>aaa</strong></span> 
     </span>
     <span class='ocr_line' id='line_1_21' title="bbox 54 1083 1347 1139; baseline -0.002 -14"><span class='ocrx_word' id='word_1_200' title='bbox 54 1090 228 1128; x_wconf 81' lang='lat' dir='ltr'><strong>versetur.</strong></span> <span class='ocrx_word' id='word_1_201' title='bbox 241 1101 362 1139; x_wconf 88' lang='lat' dir='ltr'><strong>neque</strong></span> <span class='ocrx_word' id='word_1_202' title='bbox 383 1090 496 1125; x_wconf 85' lang='lat' dir='ltr'><strong>etiam</strong></span> <span class='ocrx_word' id='word_1_203' title='bbox 509 1101 588 1138; x_wconf 81' lang='lat' dir='ltr'><strong>quae</strong></span> <span class='ocrx_word' id='word_1_204' title='bbox 609 1087 784 1139; x_wconf 73' lang='lat' dir='ltr'><strong>generale</strong></span> <span class='ocrx_word' id='word_1_205' title='bbox 803 1083 947 1124; x_wconf 70' lang='lat' dir='ltr'><strong>tantum</strong></span> <span class='ocrx_word' id='word_1_206' title='bbox 962 1088 1005 1124; x_wconf 85' lang='lat' dir='ltr'><strong>fit</strong></span> <span class='ocrx_word' id='word_1_207' title='bbox 1025 1089 1245 1139; x_wconf 79' lang='lat' dir='ltr'><strong>principium</strong></span> <span class='ocrx_word' id='word_1_208' title='bbox 1260 1101 1347 1124; x_wconf 85' lang='lat' dir='ltr'><strong>con-</strong></span> 
     </span>
     <span class='ocr_line' id='line_1_22' title="bbox 53 1138 1347 1191; baseline -0.002 -13"><span class='ocrx_word' id='word_1_209' title='bbox 53 1140 121 1179; x_wconf 77' lang='lat' dir='ltr'><strong>fusi</strong></span> <span class='ocrx_word' id='word_1_210' title='bbox 133 1154 270 1184; x_wconf 82' lang='lat' dir='ltr'><strong>motus,</strong></span> <span class='ocrx_word' id='word_1_211' title='bbox 283 1153 324 1178; x_wconf 90' lang='lat' dir='ltr'><strong>ac</strong></span> <span class='ocrx_word' id='word_1_212' title='bbox 336 1141 359 1177; x_wconf 85' lang='lat' dir='ltr'>fi</span> <span class='ocrx_word' id='word_1_213' title='bbox 371 1141 526 1178; x_wconf 81' lang='lat' dir='ltr'><strong>fluuium</strong></span> <span class='ocrx_word' id='word_1_214' title='bbox 540 1154 603 1189; x_wconf 87' lang='lat' dir='ltr'><strong>per</strong></span> <span class='ocrx_word' id='word_1_215' title='bbox 612 1140 740 1177; x_wconf 87' lang='lat' dir='ltr'><strong>alueos</strong></span> <span class='ocrx_word' id='word_1_216' title='bbox 754 1138 866 1190; x_wconf 86' lang='lat' dir='ltr'><strong>semel</strong></span> <span class='ocrx_word' id='word_1_217' title='bbox 878 1139 1046 1191; x_wconf 81' lang='lat' dir='ltr'><strong>praefixos</strong></span> <span class='ocrx_word' id='word_1_218' title='bbox 1059 1140 1173 1178; x_wconf 89' lang='lat' dir='ltr'><strong>fluere</strong></span> <span class='ocrx_word' id='word_1_219' title='bbox 1186 1141 1347 1178; x_wconf 78' lang='lat' dir='ltr'><strong>iuberet:</strong></span> 
     </span>
     <span class='ocr_line' id='line_1_23' title="bbox 53 1191 1373 1246; baseline -0.002 -15"><span class='ocrx_word' id='word_1_220' title='bbox 53 1193 174 1234; x_wconf 81' lang='lat' dir='ltr'><strong>sedad</strong></span> <span class='ocrx_word' id='word_1_221' title='bbox 186 1193 343 1246; x_wconf 72' lang='lat' dir='ltr'><strong>singulos</strong></span> <span class='ocrx_word' id='word_1_222' title='bbox 364 1198 398 1231; x_wconf 77' lang='grc' dir='ltr'><strong>δε</strong></span> <span class='ocrx_word' id='word_1_223' title='bbox 412 1191 649 1244; x_wconf 86' lang='lat' dir='ltr'><strong>particulares</strong></span> <span class='ocrx_word' id='word_1_224' title='bbox 663 1205 788 1229; x_wconf 84' lang='lat' dir='ltr'><strong>motus</strong></span> <span class='ocrx_word' id='word_1_225' title='bbox 811 1194 952 1230; x_wconf 86' lang='lat' dir='ltr'><strong>intenta</strong></span> <span class='ocrx_word' id='word_1_226' title='bbox 968 1193 1020 1231; x_wconf 81' lang='lat' dir='ltr'><strong>fit.</strong></span> <span class='ocrx_word' id='word_1_227' title='bbox 1047 1192 1137 1231; x_wconf 85' lang='lat' dir='ltr'><strong>Ideo</strong></span> <span class='ocrx_word' id='word_1_228' title='bbox 1152 1196 1250 1231; x_wconf 79' lang='lat' dir='ltr'><strong>enim</strong></span> <span class='ocrx_word' id='word_1_229' title='bbox 1265 1201 1373 1230; x_wconf 79' lang='lat' dir='ltr'><strong>cen-¹</strong></span> 
     </span>
     <span class='ocr_line' id='line_1_24' title="bbox 52 1242 1351 1297; baseline -0.002 -14"><span class='ocrx_word' id='word_1_230' title='bbox 52 1247 150 1284; x_wconf 86' lang='lat' dir='ltr'><strong>setur</strong></span> <span class='ocrx_word' id='word_1_231' title='bbox 166 1248 402 1297; x_wconf 85' lang='lat' dir='ltr'><strong>omnipotens</strong></span> <span class='ocrx_word' id='word_1_232' title='bbox 414 1274 423 1290; x_wconf 95' lang='lat'>,</span> <span class='ocrx_word' id='word_1_233' title='bbox 438 1260 512 1283; x_wconf 90' lang='lat' dir='ltr'><strong>non</strong></span> <span class='ocrx_word' id='word_1_234' title='bbox 525 1243 626 1295; x_wconf 76' lang='lat' dir='ltr'><strong>quod</strong></span> <span class='ocrx_word' id='word_1_235' title='bbox 647 1242 756 1296; x_wconf 78' lang='lat' dir='ltr'><strong>possit</strong></span> <span class='ocrx_word' id='word_1_236' title='bbox 768 1244 918 1295; x_wconf 86' lang='lat' dir='ltr'><strong>quidem</strong></span> <span class='ocrx_word' id='word_1_237' title='bbox 939 1243 1061 1284; x_wconf 78' lang='lat' dir='ltr'><strong>facere</strong></span> <span class='ocrx_word' id='word_1_238' title='bbox 1079 1272 1089 1289; x_wconf 85' lang='lat'>‚</span> <span class='ocrx_word' id='word_1_239' title='bbox 1103 1244 1213 1284; x_wconf 79' lang='lat' dir='ltr'><strong>ceffet</strong></span> <span class='ocrx_word' id='word_1_240' title='bbox 1227 1259 1351 1283; x_wconf 85' lang='lat' dir='ltr'><strong>tamen</strong></span> 
     </span>
     <span class='ocr_line' id='line_1_25' title="bbox 52 1296 1351 1351; baseline -0.002 -15"><span class='ocrx_word' id='word_1_241' title='bbox 52 1300 203 1336; x_wconf 87' lang='lat' dir='ltr'><strong>interim</strong></span> <span class='ocrx_word' id='word_1_242' title='bbox 227 1303 262 1335; x_wconf 83' lang='lat'>&amp;</span> <span class='ocrx_word' id='word_1_243' title='bbox 276 1298 436 1337; x_wconf 80' lang='lat' dir='ltr'><strong>defideat</strong></span> <span class='ocrx_word' id='word_1_244' title='bbox 448 1326 457 1340; x_wconf 84' lang='lat'>‚</span> <span class='ocrx_word' id='word_1_245' title='bbox 476 1297 533 1336; x_wconf 90' lang='lat' dir='ltr'><strong>vel</strong></span> <span class='ocrx_word' id='word_1_246' title='bbox 554 1311 663 1350; x_wconf 88' lang='lat' dir='ltr'><strong>quem</strong></span> <span class='ocrx_word' id='word_1_247' title='bbox 685 1296 839 1348; x_wconf 76' lang='lat' dir='ltr'><strong>praefixit</strong></span> <span class='ocrx_word' id='word_1_248' title='bbox 855 1311 990 1336; x_wconf 84' lang='lat' dir='ltr'><strong>naturae</strong></span> <span class='ocrx_word' id='word_1_249' title='bbox 1004 1298 1173 1336; x_wconf 87' lang='lat' dir='ltr'><strong>ordinem</strong></span> <span class='ocrx_word' id='word_1_250' title='bbox 1185 1298 1351 1351; x_wconf 81' lang='lat' dir='ltr'><strong>generali</strong></span> 
     </span>
     <span class='ocr_line' id='line_1_26' title="bbox 54 1350 1353 1402; baseline -0.001 -13"><span class='ocrx_word' id='word_1_251' title='bbox 54 1351 222 1389; x_wconf 70' lang='lat' dir='ltr'><strong>instinftu</strong></span> <span class='ocrx_word' id='word_1_252' title='bbox 234 1356 436 1390; x_wconf 85' lang='lat' dir='ltr'><strong>continuet:</strong></span> <span class='ocrx_word' id='word_1_253' title='bbox 451 1350 509 1390; x_wconf 87' lang='lat' dir='ltr'><strong>sed</strong></span> <span class='ocrx_word' id='word_1_254' title='bbox 521 1353 606 1402; x_wconf 85' lang='lat' dir='ltr'><strong>quia</strong></span> <span class='ocrx_word' id='word_1_255' title='bbox 620 1351 680 1388; x_wconf 86' lang='lat' dir='ltr'><strong>sua</strong></span> <span class='ocrx_word' id='word_1_256' title='bbox 694 1350 926 1401; x_wconf 82' lang='lat' dir='ltr'><strong>prouidentia</strong></span> <span class='ocrx_word' id='word_1_257' title='bbox 940 1352 1069 1389; x_wconf 84' lang='lat' dir='ltr'><strong>caelum</strong></span> <span class='ocrx_word' id='word_1_258' title='bbox 1085 1356 1120 1389; x_wconf 87' lang='lat'>&amp;</span> <span class='ocrx_word' id='word_1_259' title='bbox 1138 1364 1272 1390; x_wconf 84' lang='lat' dir='ltr'><strong>terram</strong></span> <span class='ocrx_word' id='word_1_260' title='bbox 1284 1363 1353 1402; x_wconf 67' lang='lat' dir='ltr'><strong>gu-</strong></span> 
     </span>
     <span class='ocr_line' id='line_1_27' title="bbox 54 1393 1348 1446; baseline 0 -6"><span class='ocrx_word' id='word_1_261' title='bbox 54 1404 213 1441; x_wconf 85' lang='lat' dir='ltr'><strong>bernans</strong></span> <span class='ocrx_word' id='word_1_262' title='bbox 227 1431 238 1446; x_wconf 91' lang='lat'>‚</span> <span class='ocrx_word' id='word_1_263' title='bbox 253 1404 298 1441; x_wconf 87' lang='lat' dir='ltr'><strong>fic</strong></span> <span class='ocrx_word' id='word_1_264' title='bbox 311 1406 439 1442; x_wconf 80' lang='lat' dir='ltr'><strong>onmia</strong></span> <span class='ocrx_word' id='word_1_265' title='bbox 459 1405 676 1441; x_wconf 78' lang='lat' dir='ltr'><strong>moderatur</strong></span> <span class='ocrx_word' id='word_1_266' title='bbox 692 1416 729 1441; x_wconf 89' lang='lat' dir='ltr'><strong>vt</strong></span> <span class='ocrx_word' id='word_1_267' title='bbox 749 1402 839 1440; x_wconf 87' lang='lat' dir='ltr'><strong>nihil</strong></span> <span class='ocrx_word' id='word_1_268' title='bbox 855 1404 919 1440; x_wconf 82' lang='lat' dir='ltr'><strong>nifi</strong></span> <span class='ocrx_word' id='word_1_269' title='bbox 935 1406 1013 1441; x_wconf 86' lang='lat' dir='ltr'><strong>eius</strong></span> <span class='ocrx_word' id='word_1_270' title='bbox 1030 1405 1183 1441; x_wconf 79' lang='lat' dir='ltr'><strong>consilio</strong></span> <span class='ocrx_word' id='word_1_271' title='bbox 1198 1393 1348 1442; x_wconf 81' lang='lat' dir='ltr'><strong>accidat.</strong></span> 
     </span>
     <span class='ocr_line' id='line_1_28' title="bbox 55 1454 1348 1507; baseline -0.001 -13"><span class='ocrx_word' id='word_1_272' title='bbox 55 1458 154 1494; x_wconf 84' lang='lat' dir='ltr'><strong>Nam</strong></span> <span class='ocrx_word' id='word_1_273' title='bbox 168 1469 278 1507; x_wconf 89' lang='lat' dir='ltr'><strong>quum</strong></span> <span class='ocrx_word' id='word_1_274' title='bbox 291 1458 326 1493; x_wconf 90' lang='lat' dir='ltr'><strong>in</strong></span> <span class='ocrx_word' id='word_1_275' title='bbox 340 1457 480 1494; x_wconf 68' lang='lat' dir='ltr'><strong>Psalmo</strong></span> <span class='ocrx_word' id='word_1_276' title='bbox 495 1457 626 1494; x_wconf 85' lang='lat' dir='ltr'><strong>dicitur</strong></span> <span class='ocrx_word' id='word_1_277' title='bbox 639 1454 760 1494; x_wconf 84' lang='lat' dir='ltr'><strong>facere</strong></span> <span class='ocrx_word' id='word_1_278' title='bbox 774 1468 996 1507; x_wconf 70' lang='lat' dir='ltr'><strong>quascunque</strong></span> <span class='ocrx_word' id='word_1_279' title='bbox 1009 1457 1108 1499; x_wconf 83' lang='lat' dir='ltr'><strong>vult,</strong></span> <span class='ocrx_word' id='word_1_280' title='bbox 1124 1470 1221 1495; x_wconf 88' lang='lat' dir='ltr'><strong>certa</strong></span> <span class='ocrx_word' id='word_1_281' title='bbox 1238 1463 1271 1495; x_wconf 72' lang='grc' dir='ltr'><strong>δε</strong></span> <span class='ocrx_word' id='word_1_282' title='bbox 1289 1456 1348 1494; x_wconf 93' lang='lat' dir='ltr'><strong>de-</strong></span> 
     </span>
     <span class='ocr_line' id='line_1_29' title="bbox 54 1506 1419 1561; baseline 0.001 -16"><span class='ocrx_word' id='word_1_283' title='bbox 54 1509 207 1546; x_wconf 82' lang='lat' dir='ltr'><strong>liberata</strong></span> <span class='ocrx_word' id='word_1_284' title='bbox 221 1521 368 1547; x_wconf 89' lang='lat' dir='ltr'><strong>notatur</strong></span> <span class='ocrx_word' id='word_1_285' title='bbox 380 1508 759 1558; x_wconf 83' lang='lat' dir='ltr'><strong>voluntas.1nfipidum</strong></span> <span class='ocrx_word' id='word_1_286' title='bbox 774 1511 872 1546; x_wconf 81' lang='lat' dir='ltr'><strong>enim</strong></span> <span class='ocrx_word' id='word_1_287' title='bbox 887 1507 977 1547; x_wconf 78' lang='lat' dir='ltr'><strong>effer</strong></span> <span class='ocrx_word' id='word_1_288' title='bbox 992 1509 1250 1561; x_wconf 79' lang='lat' dir='ltr'><strong>philosophico</strong></span> <span class='ocrx_word' id='word_1_289' title='bbox 1265 1523 1347 1547; x_wconf 86' lang='lat' dir='ltr'><strong>mo·</strong></span> <span class='ocrx_word' id='word_1_290' title='bbox 1366 1506 1419 1540; x_wconf 53' lang='grc' dir='ltr'><strong>αὖ</strong></span> 
     </span>
     <span class='ocr_line' id='line_1_30' title="bbox 54 1559 1350 1616; baseline 0.002 -19"><span class='ocrx_word' id='word_1_291' title='bbox 54 1574 95 1598; x_wconf 88' lang='lat' dir='ltr'><strong>re</strong></span> <span class='ocrx_word' id='word_1_292' title='bbox 111 1562 342 1611; x_wconf 87' lang='lat' dir='ltr'><strong>interpretari</strong></span> <span class='ocrx_word' id='word_1_293' title='bbox 354 1561 547 1612; x_wconf 87' lang='lat' dir='ltr'><strong>Prophetae</strong></span> <span class='ocrx_word' id='word_1_294' title='bbox 559 1563 670 1599; x_wconf 82' lang='lat' dir='ltr'><strong>verba</strong></span> <span class='ocrx_word' id='word_1_295' title='bbox 682 1588 692 1603; x_wconf 82' lang='lat'>,</span> <span class='ocrx_word' id='word_1_296' title='bbox 708 1564 830 1599; x_wconf 88' lang='lat' dir='ltr'><strong>Deum</strong></span> <span class='ocrx_word' id='word_1_297' title='bbox 845 1559 915 1600; x_wconf 80' lang='lat' dir='ltr'><strong>effe</strong></span> <span class='ocrx_word' id='word_1_298' title='bbox 927 1565 1087 1613; x_wconf 88' lang='lat' dir='ltr'><strong>primum</strong></span> <span class='ocrx_word' id='word_1_299' title='bbox 1109 1577 1220 1616; x_wconf 68' lang='lat' dir='ltr'><strong>agens</strong></span> <span class='ocrx_word' id='word_1_300' title='bbox 1236 1591 1246 1606; x_wconf 83' lang='lat'>,</span> <span class='ocrx_word' id='word_1_301' title='bbox 1262 1564 1350 1614; x_wconf 86' lang='lat' dir='ltr'><strong>quia</strong></span> 
     </span>
     <span class='ocr_line' id='line_1_31' title="bbox 55 1608 1350 1665; baseline 0.002 -16"><span class='ocrx_word' id='word_1_302' title='bbox 55 1614 275 1664; x_wconf 86' lang='lat' dir='ltr'><strong>principium</strong></span> <span class='ocrx_word' id='word_1_303' title='bbox 290 1618 323 1650; x_wconf 72' lang='grc' dir='ltr'><strong>δι’.</strong></span> <span class='ocrx_word' id='word_1_304' title='bbox 340 1615 445 1652; x_wconf 82' lang='lat' dir='ltr'><strong>causa</strong></span> <span class='ocrx_word' id='word_1_305' title='bbox 465 1616 513 1652; x_wconf 87' lang='lat' dir='ltr'><strong>est</strong></span> <span class='ocrx_word' id='word_1_306' title='bbox 525 1617 647 1651; x_wconf 88' lang='lat' dir='ltr'><strong>omnis</strong></span> <span class='ocrx_word' id='word_1_307' title='bbox 657 1627 782 1652; x_wconf 86' lang='lat' dir='ltr'><strong>motus</strong></span> <span class='ocrx_word' id='word_1_308' title='bbox 796 1629 804 1650; x_wconf 79' lang='lat' dir='ltr'><strong>t</strong></span> <span class='ocrx_word' id='word_1_309' title='bbox 816 1628 928 1664; x_wconf 81' lang='lat' dir='ltr'><strong>quum</strong></span> <span class='ocrx_word' id='word_1_310' title='bbox 945 1613 1068 1665; x_wconf 71' lang='lat' dir='ltr'><strong>potius</strong></span> <span class='ocrx_word' id='word_1_311' title='bbox 1081 1608 1151 1654; x_wconf 60' lang='lat' dir='ltr'><strong>h0⁸c</strong></span> <span class='ocrx_word' id='word_1_312' title='bbox 1165 1616 1299 1654; x_wconf 87' lang='lat' dir='ltr'><strong>solatio</strong></span> <span class='ocrx_word' id='word_1_313' title='bbox 1313 1618 1350 1652; x_wconf 85' lang='lat' dir='ltr'><strong>in</strong></span> 
     </span>
     <span class='ocr_line' id='line_1_32' title="bbox 54 1665 1349 1717; baseline 0.003 -15"><span class='ocrx_word' id='word_1_314' title='bbox 54 1665 166 1703; x_wconf 82' lang='lat' dir='ltr'><strong>rebus</strong></span> <span class='ocrx_word' id='word_1_315' title='bbox 179 1665 336 1703; x_wconf 84' lang='lat' dir='ltr'><strong>aduerfis</strong></span> <span class='ocrx_word' id='word_1_316' title='bbox 350 1666 383 1704; x_wconf 90' lang='lat' dir='ltr'><strong>se</strong></span> <span class='ocrx_word' id='word_1_317' title='bbox 396 1666 533 1705; x_wconf 84' lang='lat' dir='ltr'><strong>leniant</strong></span> <span class='ocrx_word' id='word_1_318' title='bbox 554 1665 679 1704; x_wconf 77' lang='lat' dir='ltr'><strong>fideles</strong></span> <span class='ocrx_word' id='word_1_319' title='bbox 695 1694 704 1708; x_wconf 90' lang='lat'>,</span> <span class='ocrx_word' id='word_1_320' title='bbox 718 1666 809 1703; x_wconf 86' lang='lat' dir='ltr'><strong>nihil</strong></span> <span class='ocrx_word' id='word_1_321' title='bbox 824 1666 860 1704; x_wconf 88' lang='lat' dir='ltr'><strong>se</strong></span> <span class='ocrx_word' id='word_1_322' title='bbox 872 1670 1013 1717; x_wconf 85' lang='lat' dir='ltr'><strong>perpeti</strong></span> <span class='ocrx_word' id='word_1_323' title='bbox 1037 1670 1102 1706; x_wconf 80' lang='lat' dir='ltr'><strong>nili</strong></span> <span class='ocrx_word' id='word_1_324' title='bbox 1114 1671 1186 1706; x_wconf 92' lang='lat' dir='ltr'><strong>Dei</strong></span> <span class='ocrx_word' id='word_1_325' title='bbox 1199 1668 1349 1706; x_wconf 80' lang='lat' dir='ltr'><strong>ordina-</strong></span> 
     </span>
     <span class='ocr_line' id='line_1_33' title="bbox 55 1718 1352 1773; baseline 0.002 -18"><span class='ocrx_word' id='word_1_326' title='bbox 55 1719 159 1756; x_wconf 84' lang='lat' dir='ltr'><strong>tione</strong></span> <span class='ocrx_word' id='word_1_327' title='bbox 173 1722 206 1754; x_wconf 87' lang='lat'>&amp;</span> <span class='ocrx_word' id='word_1_328' title='bbox 221 1718 496 1769; x_wconf 80' lang='lat' dir='ltr'><strong>mandatozquia</strong></span> <span class='ocrx_word' id='word_1_329' title='bbox 509 1718 588 1758; x_wconf 86' lang='lat' dir='ltr'><strong>sunt</strong></span> <span class='ocrx_word' id='word_1_330' title='bbox 603 1719 665 1756; x_wconf 88' lang='lat' dir='ltr'><strong>sub</strong></span> <span class='ocrx_word' id='word_1_331' title='bbox 680 1721 756 1756; x_wconf 82' lang='lat' dir='ltr'><strong>eius</strong></span> <span class='ocrx_word' id='word_1_332' title='bbox 770 1732 893 1758; x_wconf 87' lang='lat' dir='ltr'><strong>manu.</strong></span> <span class='ocrx_word' id='word_1_333' title='bbox 906 1718 1027 1771; x_wconf 46' lang='lat' dir='ltr'><strong>de</strong></span> <span class='ocrx_word' id='word_1_334' title='bbox 1043 1722 1066 1758; x_wconf 80' lang='lat' dir='ltr'>fi</span> <span class='ocrx_word' id='word_1_335' title='bbox 1080 1725 1150 1758; x_wconf 83' lang='lat' dir='ltr'><strong>Dei</strong></span> <span class='ocrx_word' id='word_1_336' title='bbox 1163 1722 1352 1773; x_wconf 82' lang='lat' dir='ltr'><strong>guberna-</strong></span> 
     </span>
     <span class='ocr_line' id='line_1_34' title="bbox 55 1771 1349 1822; baseline 0.002 -15"><span class='ocrx_word' id='word_1_337' title='bbox 55 1771 110 1807; x_wconf 77' lang='lat' dir='ltr'><strong>tio</strong></span> <span class='ocrx_word' id='word_1_338' title='bbox 124 1771 168 1807; x_wconf 76' lang='lat' dir='ltr'><strong>{ic</strong></span> <span class='ocrx_word' id='word_1_339' title='bbox 179 1771 387 1808; x_wconf 85' lang='lat' dir='ltr'><strong>extenditur</strong></span> <span class='ocrx_word' id='word_1_340' title='bbox 398 1771 443 1808; x_wconf 90' lang='lat' dir='ltr'><strong>ad</strong></span> <span class='ocrx_word' id='word_1_341' title='bbox 455 1774 580 1808; x_wconf 87' lang='lat' dir='ltr'><strong>omnia</strong></span> <span class='ocrx_word' id='word_1_342' title='bbox 595 1772 670 1809; x_wconf 75' lang='lat' dir='ltr'><strong>eius</strong></span> <span class='ocrx_word' id='word_1_343' title='bbox 686 1784 801 1822; x_wconf 88' lang='lat' dir='ltr'><strong>opera</strong></span> <span class='ocrx_word' id='word_1_344' title='bbox 814 1798 823 1814; x_wconf 84' lang='lat'>,</span> <span class='ocrx_word' id='word_1_345' title='bbox 835 1776 976 1822; x_wconf 78' lang='lat' dir='ltr'><strong>puerile</strong></span> <span class='ocrx_word' id='word_1_346' title='bbox 990 1774 1161 1811; x_wconf 82' lang='lat' dir='ltr'><strong>cauillurn</strong></span> <span class='ocrx_word' id='word_1_347' title='bbox 1179 1775 1227 1811; x_wconf 85' lang='lat' dir='ltr'><strong>est</strong></span> <span class='ocrx_word' id='word_1_348' title='bbox 1241 1801 1251 1815; x_wconf 81' lang='lat'>,</span> <span class='ocrx_word' id='word_1_349' title='bbox 1269 1787 1349 1811; x_wconf 89' lang='lat' dir='ltr'><strong>eam</strong></span> 
     </span>
     <span class='ocr_line' id='line_1_35' title="bbox 55 1822 1351 1879; baseline 0.005 -20"><span class='ocrx_word' id='word_1_350' title='bbox 55 1822 243 1860; x_wconf 86' lang='lat' dir='ltr'><strong>includere</strong></span> <span class='ocrx_word' id='word_1_351' title='bbox 265 1826 303 1860; x_wconf 90' lang='lat' dir='ltr'><strong>in</strong></span> <span class='ocrx_word' id='word_1_352' title='bbox 322 1836 457 1862; x_wconf 82' lang='lat' dir='ltr'><strong>naturae</strong></span> <span class='ocrx_word' id='word_1_353' title='bbox 477 1826 629 1862; x_wconf 80' lang='lat' dir='ltr'><strong>influxu.</strong></span> <span class='ocrx_word' id='word_1_354' title='bbox 657 1826 738 1861; x_wconf 82' lang='lat' dir='ltr'><strong>Nec</strong></span> <span class='ocrx_word' id='word_1_355' title='bbox 752 1822 837 1862; x_wconf 77' lang='lat' dir='ltr'><strong>vero</strong></span> <span class='ocrx_word' id='word_1_356' title='bbox 862 1828 977 1879; x_wconf 80' lang='lat' dir='ltr'><strong>magis</strong></span> <span class='ocrx_word' id='word_1_357' title='bbox 1000 1830 1123 1864; x_wconf 81' lang='lat' dir='ltr'><strong>Deum</strong></span> <span class='ocrx_word' id='word_1_358' title='bbox 1148 1827 1208 1865; x_wconf 83' lang='lat' dir='ltr'><strong>sua</strong></span> <span class='ocrx_word' id='word_1_359' title='bbox 1230 1827 1351 1878; x_wconf 78' lang='lat' dir='ltr'><strong>gloria</strong></span> 
     </span>
     <span class='ocr_line' id='line_1_36' title="bbox 34 1873 1351 1930; baseline 0.003 -18"><span class='ocrx_word' id='word_1_360' title='bbox 34 1915 38 1918; x_wconf 56' lang='grc'>,</span> <span class='ocrx_word' id='word_1_361' title='bbox 53 1873 225 1923; x_wconf 74' lang='lat' dir='ltr'><strong>fraudant</strong></span> <span class='ocrx_word' id='word_1_362' title='bbox 238 1874 346 1924; x_wconf 65' lang='lat' dir='ltr'><strong>quam</strong></span> <span class='ocrx_word' id='word_1_363' title='bbox 359 1876 492 1926; x_wconf 86' lang='lat' dir='ltr'><strong>seipsos</strong></span> <span class='ocrx_word' id='word_1_364' title='bbox 507 1874 693 1915; x_wconf 87' lang='lat' dir='ltr'><strong>vtiliffima</strong></span> <span class='ocrx_word' id='word_1_365' title='bbox 703 1875 869 1914; x_wconf 57' lang='lat' dir='ltr'><strong>doctrina</strong></span> <span class='ocrx_word' id='word_1_366' title='bbox 882 1904 890 1920; x_wconf 95' lang='lat'>,</span> <span class='ocrx_word' id='word_1_367' title='bbox 908 1882 967 1928; x_wconf 88' lang='lat' dir='ltr'><strong>qui</strong></span> <span class='ocrx_word' id='word_1_368' title='bbox 984 1881 1054 1917; x_wconf 89' lang='lat' dir='ltr'><strong>Dei</strong></span> <span class='ocrx_word' id='word_1_369' title='bbox 1076 1880 1351 1930; x_wconf 81' lang='lat' dir='ltr'><strong>prouidentiam</strong></span> 
     </span>
     <span class='ocr_line' id='line_1_37' title="bbox 53 1928 1352 1984; baseline 0.004 -20"><span class='ocrx_word' id='word_1_370' title='bbox 53 1929 243 1965; x_wconf 63' lang='lat' dir='ltr'><strong>coarctant</strong></span> <span class='ocrx_word' id='word_1_371' title='bbox 254 1941 329 1966; x_wconf 90' lang='lat' dir='ltr'><strong>tam</strong></span> <span class='ocrx_word' id='word_1_372' title='bbox 342 1930 501 1982; x_wconf 77' lang='lat' dir='ltr'><strong>angustis</strong></span> <span class='ocrx_word' id='word_1_373' title='bbox 516 1928 661 1972; x_wconf 80' lang='lat' dir='ltr'><strong>finibus,</strong></span> <span class='ocrx_word' id='word_1_374' title='bbox 675 1929 743 1966; x_wconf 81' lang='lat' dir='ltr'><strong>acfi</strong></span> <span class='ocrx_word' id='word_1_375' title='bbox 758 1929 874 1967; x_wconf 88' lang='lat' dir='ltr'><strong>libero</strong></span> <span class='ocrx_word' id='word_1_376' title='bbox 888 1933 989 1969; x_wconf 86' lang='lat' dir='ltr'><strong>cursu</strong></span> <span class='ocrx_word' id='word_1_377' title='bbox 1003 1931 1200 1971; x_wconf 83' lang='lat' dir='ltr'><strong>secundum</strong></span> <span class='ocrx_word' id='word_1_378' title='bbox 1221 1946 1352 1984; x_wconf 85' lang='lat' dir='ltr'><strong>perpe-</strong></span> 
     </span>
     <span class='ocr_line' id='line_1_38' title="bbox 51 1980 1348 2033; baseline 0.005 -16"><span class='ocrx_word' id='word_1_379' title='bbox 51 1992 162 2022; x_wconf 65' lang='lat' dir='ltr'><strong>tuam,</strong></span> <span class='ocrx_word' id='word_1_380' title='bbox 176 1993 314 2018; x_wconf 87' lang='lat' dir='ltr'><strong>naturae</strong></span> <span class='ocrx_word' id='word_1_381' title='bbox 338 1981 460 2032; x_wconf 82' lang='lat' dir='ltr'><strong>legem</strong></span> <span class='ocrx_word' id='word_1_382' title='bbox 473 1980 559 2019; x_wconf 88' lang='lat' dir='ltr'><strong>ferri</strong></span> <span class='ocrx_word' id='word_1_383' title='bbox 573 1984 697 2021; x_wconf 86' lang='lat' dir='ltr'><strong>omnia</strong></span> <span class='ocrx_word' id='word_1_384' title='bbox 711 1982 861 2020; x_wconf 78' lang='lat' dir='ltr'><strong>fineret:</strong></span> <span class='ocrx_word' id='word_1_385' title='bbox 876 1985 959 2033; x_wconf 84' lang='lat' dir='ltr'><strong>quia</strong></span> <span class='ocrx_word' id='word_1_386' title='bbox 973 1983 1067 2022; x_wconf 85' lang='lat' dir='ltr'><strong>nihil</strong></span> <span class='ocrx_word' id='word_1_387' title='bbox 1079 1985 1230 2023; x_wconf 85' lang='lat' dir='ltr'><strong>homine</strong></span> <span class='ocrx_word' id='word_1_388' title='bbox 1242 1985 1348 2023; x_wconf 78' lang='lat' dir='ltr'><strong>mise-</strong></span> 
     </span>
     <span class='ocr_line' id='line_1_39' title="bbox 54 2033 1350 2089; baseline 0.005 -19"><span class='ocrx_word' id='word_1_389' title='bbox 54 2033 172 2076; x_wconf 76' lang='lat' dir='ltr'><strong>rius-‚si</strong></span> <span class='ocrx_word' id='word_1_390' title='bbox 186 2033 231 2070; x_wconf 88' lang='lat' dir='ltr'><strong>ad</strong></span> <span class='ocrx_word' id='word_1_391' title='bbox 241 2034 423 2085; x_wconf 85' lang='lat' dir='ltr'><strong>quossibet</strong></span> <span class='ocrx_word' id='word_1_392' title='bbox 435 2035 750 2078; x_wconf 81' lang='lat' dir='ltr'><strong>caeli,ae&#39;ris,terrae‚</strong></span> <span class='ocrx_word' id='word_1_393' title='bbox 764 2047 939 2086; x_wconf 84' lang='lat' dir='ltr'><strong>aquarum</strong></span> <span class='ocrx_word' id='word_1_394' title='bbox 954 2050 1078 2075; x_wconf 84' lang='lat' dir='ltr'><strong>motus</strong></span> <span class='ocrx_word' id='word_1_395' title='bbox 1089 2039 1274 2089; x_wconf 74' lang='lat' dir='ltr'><strong>expositus</strong></span> <span class='ocrx_word' id='word_1_396' title='bbox 1286 2037 1350 2076; x_wconf 91' lang='lat' dir='ltr'><strong>fo-</strong></span> 
     </span>
     <span class='ocr_line' id='line_1_40' title="bbox 55 2083 1351 2142; baseline 0.005 -20"><span class='ocrx_word' id='word_1_397' title='bbox 55 2085 236 2123; x_wconf 83' lang='lat' dir='ltr'><strong>ret.Adde</strong></span> <span class='ocrx_word' id='word_1_398' title='bbox 246 2083 346 2136; x_wconf 70' lang='lat' dir='ltr'><strong>quod</strong></span> <span class='ocrx_word' id='word_1_399' title='bbox 359 2086 430 2124; x_wconf 82' lang='lat' dir='ltr'><strong>hoc</strong></span> <span class='ocrx_word' id='word_1_400' title='bbox 445 2087 559 2125; x_wconf 88' lang='lat' dir='ltr'><strong>modo</strong></span> <span class='ocrx_word' id='word_1_401' title='bbox 575 2089 682 2124; x_wconf 85' lang='lat' dir='ltr'><strong>nimis</strong></span> <span class='ocrx_word' id='word_1_402' title='bbox 695 2086 844 2139; x_wconf 74' lang='lat' dir='ltr'><strong>indigne</strong></span> <span class='ocrx_word' id='word_1_403' title='bbox 858 2102 1078 2129; x_wconf 84' lang='lat' dir='ltr'><strong>extenuatur</strong></span> <span class='ocrx_word' id='word_1_404' title='bbox 1090 2091 1276 2142; x_wconf 68' lang='lat' dir='ltr'><strong>singularis</strong></span> <span class='ocrx_word' id='word_1_405' title='bbox 1290 2106 1351 2129; x_wconf 86' lang='lat' dir='ltr'><strong>er·-</strong></span> 
     </span>
     <span class='ocr_line' id='line_1_41' title="bbox 52 2139 1489 2191; baseline 0.006 -17"><span class='ocrx_word' id='word_1_406' title='bbox 52 2150 103 2189; x_wconf 82' lang='lat' dir='ltr'><strong>ga</strong></span> <span class='ocrx_word' id='word_1_407' title='bbox 117 2151 402 2190; x_wconf 84' lang='lat' dir='ltr'><strong>vnumquenque</strong></span> <span class='ocrx_word' id='word_1_408' title='bbox 413 2142 486 2177; x_wconf 87' lang='lat' dir='ltr'><strong>Dei</strong></span> <span class='ocrx_word' id='word_1_409' title='bbox 510 2139 670 2178; x_wconf 78' lang='lat' dir='ltr'><strong>bonitas,</strong></span> <span class='ocrx_word' id='word_1_410' title='bbox 697 2141 885 2178; x_wconf 82' lang='lat' dir='ltr'><strong>Exclamat</strong></span> <span class='ocrx_word' id='word_1_411' title='bbox 899 2142 1016 2180; x_wconf 83' lang='lat' dir='ltr'><strong>Dauid</strong></span> <span class='ocrx_word' id='word_1_412' title='bbox 1029 2170 1038 2186; x_wconf 91' lang='lat'>,</span> <span class='ocrx_word' id='word_1_413' title='bbox 1051 2142 1215 2181; x_wconf 80' lang='lat' dir='ltr'><strong>infantes</strong></span> <span class='ocrx_word' id='word_1_414' title='bbox 1229 2144 1348 2182; x_wconf 88' lang='lat' dir='ltr'><strong>adhuc</strong></span> <span class='ocrx_word' id='word_1_415' title='bbox 1370 2145 1489 2191; x_wconf 72' lang='lat' dir='ltr'><strong>Pfi;.&#39;.8.</strong></span> 
     </span>
     <span class='ocr_line' id='line_1_42' title="bbox 53 2188 1417 2246; baseline 0.007 -18"><span class='ocrx_word' id='word_1_416' title='bbox 53 2190 255 2242; x_wconf 78' lang='lat' dir='ltr'><strong>pendentes</strong></span> <span class='ocrx_word' id='word_1_417' title='bbox 267 2188 286 2228; x_wconf 68' lang='lat' dir='ltr'><strong>a</strong></span> <span class='ocrx_word' id='word_1_418' title='bbox 298 2204 458 2230; x_wconf 86' lang='lat' dir='ltr'><strong>matrum</strong></span> <span class='ocrx_word' id='word_1_419' title='bbox 476 2191 645 2231; x_wconf 78' lang='lat' dir='ltr'><strong>vberibus</strong></span> <span class='ocrx_word' id='word_1_420' title='bbox 660 2192 742 2230; x_wconf 79' lang='lat' dir='ltr'><strong>satis</strong></span> <span class='ocrx_word' id='word_1_421' title='bbox 755 2193 932 2232; x_wconf 83' lang='lat' dir='ltr'><strong>facundos</strong></span> <span class='ocrx_word' id='word_1_422' title='bbox 947 2191 1017 2233; x_wconf 84' lang='lat' dir='ltr'><strong>esse</strong></span> <span class='ocrx_word' id='word_1_423' title='bbox 1031 2196 1075 2234; x_wconf 84' lang='lat' dir='ltr'><strong>ad</strong></span> <span class='ocrx_word' id='word_1_424' title='bbox 1088 2196 1346 2235; x_wconf 86' lang='lat' dir='ltr'><strong>celebrandam</strong></span> <span class='ocrx_word' id='word_1_425' title='bbox 1364 2192 1417 2246; x_wconf 45' lang='grc' dir='ltr'><strong>αἶς</strong></span> 
     </span>
     <span class='ocr_line' id='line_1_43' title="bbox 55 2243 1350 2301; baseline 0.006 -21"><span class='ocrx_word' id='word_1_426' title='bbox 55 2245 126 2280; x_wconf 90' lang='lat' dir='ltr'><strong>Dei</strong></span> <span class='ocrx_word' id='word_1_427' title='bbox 138 2243 295 2298; x_wconf 83' lang='lat' dir='ltr'><strong>gloriam</strong></span> <span class='ocrx_word' id='word_1_428' title='bbox 310 2259 317 2281; x_wconf 95' lang='lat'><strong>:</strong></span> <span class='ocrx_word' id='word_1_429' title='bbox 332 2248 417 2295; x_wconf 84' lang='lat' dir='ltr'><strong>quia</strong></span> <span class='ocrx_word' id='word_1_430' title='bbox 429 2244 564 2283; x_wconf 83' lang='lat' dir='ltr'><strong>scilicet</strong></span> <span class='ocrx_word' id='word_1_431' title='bbox 575 2246 691 2284; x_wconf 88' lang='lat' dir='ltr'><strong>statim</strong></span> <span class='ocrx_word' id='word_1_432' title='bbox 705 2245 751 2283; x_wconf 85' lang='lat' dir='ltr'><strong>ab</strong></span> <span class='ocrx_word' id='word_1_433' title='bbox 766 2258 870 2283; x_wconf 86' lang='lat' dir='ltr'><strong>vtero</strong></span> <span class='ocrx_word' id='word_1_434' title='bbox 884 2246 1023 2300; x_wconf 78' lang='lat' dir='ltr'><strong>egressi,</strong></span> <span class='ocrx_word' id='word_1_435' title='bbox 1039 2249 1166 2287; x_wconf 81' lang='lat' dir='ltr'><strong>caelesti</strong></span> <span class='ocrx_word' id='word_1_436' title='bbox 1181 2263 1266 2288; x_wconf 87' lang='lat' dir='ltr'><strong>cura</strong></span> <span class='ocrx_word' id='word_1_437' title='bbox 1277 2263 1350 2301; x_wconf 82' lang='lat' dir='ltr'><strong>pa·-</strong></span> 
     </span>
     <span class='ocr_line' id='line_1_44' title="bbox 56 2296 1346 2353; baseline 0.008 -21"><span class='ocrx_word' id='word_1_438' title='bbox 56 2307 171 2333; x_wconf 87' lang='lat' dir='ltr'><strong>ratam</strong></span> <span class='ocrx_word' id='word_1_439' title='bbox 184 2296 247 2333; x_wconf 85' lang='lat' dir='ltr'><strong>fibi</strong></span> <span class='ocrx_word' id='word_1_440' title='bbox 258 2297 479 2335; x_wconf 82' lang='lat' dir='ltr'><strong>alimoniam</strong></span> <span class='ocrx_word' id='word_1_441' title='bbox 492 2299 698 2337; x_wconf 86' lang='lat' dir='ltr'><strong>inueniunt.</strong></span> <span class='ocrx_word' id='word_1_442' title='bbox 720 2300 776 2336; x_wconf 84' lang='lat' dir='ltr'><strong>Est</strong></span> <span class='ocrx_word' id='word_1_443' title='bbox 789 2299 936 2347; x_wconf 82' lang='lat' dir='ltr'><strong>quidem</strong></span> <span class='ocrx_word' id='word_1_444' title='bbox 950 2301 1023 2338; x_wconf 90' lang='lat' dir='ltr'><strong>hoc</strong></span> <span class='ocrx_word' id='word_1_445' title='bbox 1038 2315 1165 2340; x_wconf 84' lang='lat' dir='ltr'><strong>verum</strong></span> <span class='ocrx_word' id='word_1_446' title='bbox 1179 2305 1215 2340; x_wconf 89' lang='lat' dir='ltr'><strong>in</strong></span> <span class='ocrx_word' id='word_1_447' title='bbox 1228 2317 1346 2353; x_wconf 80' lang='lat' dir='ltr'><strong>gene-</strong></span> 
     </span>
     <span class='ocr_line' id='line_1_45' title="bbox 55 2347 1346 2407; baseline 0.006 -23"><span class='ocrx_word' id='word_1_448' title='bbox 55 2360 96 2384; x_wconf 83' lang='lat' dir='ltr'><strong>re</strong></span> <span class='ocrx_word' id='word_1_449' title='bbox 107 2373 117 2390; x_wconf 91' lang='lat'>,</span> <span class='ocrx_word' id='word_1_450' title='bbox 129 2347 243 2386; x_wconf 73' lang='lat' dir='ltr'><strong>modo</strong></span> <span class='ocrx_word' id='word_1_451' title='bbox 256 2363 301 2387; x_wconf 89' lang='lat' dir='ltr'><strong>ne</strong></span> <span class='ocrx_word' id='word_1_452' title='bbox 313 2350 443 2387; x_wconf 85' lang='lat' dir='ltr'><strong>oculos</strong></span> <span class='ocrx_word' id='word_1_453' title='bbox 455 2355 486 2388; x_wconf 67' lang='grc' dir='ltr'><strong>ὅ(</strong></span> <span class='ocrx_word' id='word_1_454' title='bbox 500 2351 616 2389; x_wconf 82' lang='lat' dir='ltr'><strong>sensus</strong></span> <span class='ocrx_word' id='word_1_455' title='bbox 630 2352 771 2389; x_wconf 86' lang='lat' dir='ltr'><strong>nostros</strong></span> <span class='ocrx_word' id='word_1_456' title='bbox 783 2350 902 2404; x_wconf 83' lang='lat' dir='ltr'><strong>fugiat</strong></span> <span class='ocrx_word' id='word_1_457' title='bbox 915 2353 1014 2404; x_wconf 86' lang='lat' dir='ltr'><strong>quod</strong></span> <span class='ocrx_word' id='word_1_458' title='bbox 1026 2353 1144 2405; x_wconf 66' lang='lat' dir='ltr'><strong>palam</strong></span> <span class='ocrx_word' id='word_1_459' title='bbox 1158 2358 1346 2407; x_wconf 81' lang='lat' dir='ltr'><strong>experien-</strong></span> 
     </span>
     <span class='ocr_line' id='line_1_46' title="bbox 57 2399 1345 2454; baseline 0.008 -19"><span class='ocrx_word' id='word_1_460' title='bbox 57 2402 108 2435; x_wconf 88' lang='lat' dir='ltr'><strong>tia</strong></span> <span class='ocrx_word' id='word_1_461' title='bbox 121 2399 439 2446; x_wconf 82' lang='lat' dir='ltr'><strong>demonstrat,aliis</strong></span> <span class='ocrx_word' id='word_1_462' title='bbox 454 2403 630 2441; x_wconf 85' lang='lat' dir='ltr'><strong>matribus</strong></span> <span class='ocrx_word' id='word_1_463' title='bbox 645 2402 771 2454; x_wconf 81' lang='lat' dir='ltr'><strong>plenas</strong></span> <span class='ocrx_word' id='word_1_464' title='bbox 785 2405 857 2443; x_wconf 73' lang='lat' dir='ltr'><strong>elle</strong></span> <span class='ocrx_word' id='word_1_465' title='bbox 872 2418 1051 2444; x_wconf 78' lang='lat' dir='ltr'><strong>mammas</strong></span> <span class='ocrx_word' id='word_1_466' title='bbox 1068 2412 1101 2444; x_wconf 83' lang='lat'>&amp;</span> <span class='ocrx_word' id='word_1_467' title='bbox 1118 2408 1345 2453; x_wconf 77' lang='lat' dir='ltr'><strong>vberes‚aliis</strong></span> 
     </span>
     <span class='ocr_line' id='line_1_47' title="bbox 56 2448 1342 2510; baseline 0.006 -20"><span class='ocrx_word' id='word_1_468' title='bbox 56 2448 131 2509; x_wconf 64' lang='lat' dir='ltr'><strong>fere</strong></span> <span class='ocrx_word' id='word_1_469' title='bbox 151 2453 265 2493; x_wconf 83' lang='lat' dir='ltr'><strong>aridas</strong></span> <span class='ocrx_word' id='word_1_470' title='bbox 277 2481 288 2499; x_wconf 88' lang='lat'>‚</span> <span class='ocrx_word' id='word_1_471' title='bbox 301 2467 414 2508; x_wconf 83' lang='lat' dir='ltr'><strong>prout</strong></span> <span class='ocrx_word' id='word_1_472' title='bbox 426 2453 615 2497; x_wconf 66' lang='lat' dir='ltr'><strong>liberalius</strong></span> <span class='ocrx_word' id='word_1_473' title='bbox 637 2456 734 2495; x_wconf 85' lang='lat' dir='ltr'><strong>hunc</strong></span> <span class='ocrx_word' id='word_1_474' title='bbox 748 2460 848 2499; x_wconf 86' lang='lat' dir='ltr'><strong>Deus</strong></span> <span class='ocrx_word' id='word_1_475' title='bbox 870 2458 967 2498; x_wconf 77' lang='lat' dir='ltr'><strong>alere</strong></span> <span class='ocrx_word' id='word_1_476' title='bbox 981 2459 1057 2499; x_wconf 87' lang='lat' dir='ltr'><strong>vult</strong></span> <span class='ocrx_word' id='word_1_477' title='bbox 1068 2487 1078 2503; x_wconf 86' lang='lat'>,</span> <span class='ocrx_word' id='word_1_478' title='bbox 1093 2464 1186 2510; x_wconf 86' lang='lat' dir='ltr'><strong>parci</strong></span> <span class='ocrx_word' id='word_1_479' title='bbox 1194 2459 1233 2499; x_wconf 74' lang='lat' dir='ltr'><strong>us</strong></span> <span class='ocrx_word' id='word_1_480' title='bbox 1256 2458 1342 2500; x_wconf 72' lang='lat' dir='ltr'><strong>vero</strong></span> 
     </span>
     <span class='ocr_line' id='line_1_48' title="bbox 673 2522 1132 2567; baseline 0.004 -17"><span class='ocrx_word' id='word_1_481' title='bbox 673 2522 677 2527; x_wconf 61' lang='lat'><strong>²</strong></span> <span class='ocrx_word' id='word_1_482' title='bbox 1055 2526 1132 2567; x_wconf 62' lang='lat' dir='ltr'><strong>gv.</strong></span> 
     </span>
    </p>
   </div>
   <div class='ocr_carea' id='block_1_3' title="bbox 1369 1441 1524 1490">
    <p class='ocr_par' dir='ltr' id='par_1_3' title="bbox 1369 1441 1524 1490">
     <span class='ocr_line' id='line_1_49' title="bbox 1369 1441 1524 1490; baseline 0 -14"><span class='ocrx_word' id='word_1_483' title='bbox 1369 1441 1524 1490; x_wconf 74' lang='lat' dir='ltr'><em>Pfizl.115.</em></span> 
     </span>
    </p>
   </div>
  </div>
 </body>
</html>
