1591 2775
168 13 186 25 l

613 29 854 73 CAPVT
906 29 973 69 11.
1327 27 1393 81 333

94 98 457 157 AbbafflaterErgoJ
471 112 511 142 vt
523 99 619 142 solos
633 100 773 139 eleetos
786 99 928 138 semine
947 92 1218 150 incorruptibili
1231 101 1334 138 Deus
1347 102 1390 140 in

94 169 316 208 perpetuum
331 168 524 207 regenerat
537 181 548 195 ‚
558 165 600 192 vt
623 166 809 204 nunquam
820 152 1004 204 dispereat
1022 151 1148 201 semen
1161 154 1244 190 vitae
1255 165 1389 191 eorum

93 209 263 246 cordibus
285 200 430 245 insitum
443 224 451 245 :
464 211 513 245 ira
526 202 639 244 solide
652 208 687 243 in
701 206 774 243 illis
801 204 971 256 obfignat
991 203 1201 255 adoptionis
1219 202 1288 242 fuae
1304 218 1392 258 gra-

92 262 183 299 tiam
196 287 205 303 ,
221 275 257 298 vt
269 261 403 298 stabilis
415 273 457 297 ac
468 271 547 297 rata
558 259 612 296 fit.
626 259 697 296 Sed
712 257 781 295 hoc
799 255 956 295 minime
979 256 1097 295 obstat
1119 259 1207 308 quin
1219 257 1283 294 illa
1295 255 1390 296 infe-2·v

92 315 172 350 rior
186 315 338 363 Spiritus
349 313 521 363 operatio
534 309 677 349 cursum
693 309 794 348 suum
807 309 943 348 habeat
956 311 1071 348 etiam
1091 311 1129 346 in
1145 310 1396 362 reprobisjnff

93 377 196 404 terea
210 365 390 403 docentur
402 359 721 408 fidelesſsollicite,
740 367 773 401 &
787 362 977 401 humiliter
989 361 1121 412 seipsos
1136 373 1309 400 excutere
1320 389 1331 406 ,
1344 373 1412 414 ne·-

92 431 162 468 pro
175 416 261 455 fidei
274 416 499 455 certitudine
512 418 670 466 obrepat
682 417 800 453 carnis
816 413 996 453 securitas.
1008 413 1110 452 Adde
1123 414 1224 465 quod
1240 414 1391 466 reprobi

92 482 281 520 nunquam
295 467 433 507 sensum
444 471 571 521 gratiae
584 469 646 505 nifi
660 465 850 507 confusum
866 469 1130 518 percipiunt,vt
1141 468 1307 504 vmbram
1319 481 1392 519 po-

92 524 165 560 tius
179 521 465 572 -apprebendant
480 519 589 572 quam
611 520 770 558 solidum
793 532 946 571 corpus:
968 520 1054 570 quia
1067 531 1307 572 peccatorum
1328 533 1390 557 re-

91 571 303 611 rnissionem
325 575 470 624 Spiritus
482 571 630 625 proprie
653 574 691 610 in
714 570 800 611 solis
813 572 938 610 ele-ftis
948 572 1117 623 obfignat
1131 597 1141 614 ,
1155 584 1190 609 vt
1209 582 1293 610 eam
1304 571 1391 624 spe-‘

92 627 177 664 ciali
190 624 265 664 fide
276 628 311 664 in
326 626 424 663 vsum
440 626 540 664 suum
554 622 901 677 applicent.Merito
915 636 1041 663 tamen
1057 623 1222 663 dicuntur
1235 625 1386 677 reprobi

91 682 217 716 Deum
230 678 376 716 credere
391 678 452 715 fibi
468 680 681 729 propitium:
693 678 932 729 quiasdonum
947 676 1257 715 reconciliationis
1270 705 1279 721 ,
1296 678 1386 716 licet

91 727 243 769 confuse
258 744 325 768 nec
339 733 422 769 satis
434 728 612 774 distinete,
626 730 911 782 suscipiuntznon
923 728 1025 780 quod
1048 728 1208 768 eiusdem
1221 730 1278 768 vel
1294 728 1387 769 fidei

93 784 154 822 vel
167 787 455 837 regenerationis
469 785 661 835 participes
676 782 744 820 fint
757 795 839 820 cum
852 780 934 820 filiis
951 779 1102 820 Deizsed
1114 783 1199 832 quia
1214 794 1386 823 commu-

92 850 140 874 ne
154 835 317 873 cumillis
332 835 417 873 fidei
433 838 652 887 principium
677 835 818 873 habere
832 834 1000 872 videntur
1015 861 1025 879 ,
1040 832 1103 872 sub
1117 836 1387 886 integumento*

91 886 345 939 hypocriseos.
371 891 453 927 Nec
477 892 566 926 vero
580 901 678 939 nego
690 890 777 939 quin
798 885 983 937 hucusque
995 900 1128 924 eorum
1139 900 1283 925 mentes
1295 890 1388 927 irra-

92 940 169 978 diet
184 944 282 978 Deus
296 968 305 982 ‚
327 955 361 978 vt
374 955 451 979 eius
465 934 856 994 gratiamagnoscant:
880 938 939 976 sed
962 939 1103 976 sensum
1125 939 1231 977 illurn
1245 938 1264 978 ἓι
1276 952 1387 990 pecu-

91 994 168 1030 liari
184 995 394 1031 testimonio
408 992 506 1043 quod
517 993 635 1030 reddit
649 995 718 1030 iuis
733 992 858 1029 elerstis
870 1017 881 1034 ,
893 993 948 1028 ita
963 991 1152 1040 distinguit
1167 1018 1177 1033 ,
1193 1004 1230 1029 vt
1241 993 1285 1030 ad
1299 993 1388 1031 soli-

91 1045 177 1082 dum
193 1044 368 1083 effestum
383 1051 417 1083 δε
440 1045 655 1083 fruitionem
671 1059 748 1082 non
770 1046 1002 1095 perueniant.
1014 1043 1104 1080 Non
1117 1046 1215 1080 enim
1237 1045 1325 1084 ideo·
1347 1044 1388 1084 se³

90 1100 291 1149 propitium
303 1098 715 1145 illisdemonstrat‚quia
733 1092 818 1132 'vere
833 1108 875 1132 ex
893 1106 1016 1132 morte
1029 1107 1175 1145 ereptos
1196 1097 1234 1133 in
1257 1100 1384 1135 custo-

93 1150 190 1187 diam
206 1149 302 1187 suam
317 1152 484 1200 recipiat,
500 1150 559 1187 sed
573 1146 715 1187 rantum
738 1148 807 1186 illis
822 1145 1030 1185 manifestat
1052 1149 1264 1198 praesentem
1277 1145 1385 1187 mise-

89 1202 296 1240 ricordiam.
320 1204 412 1240 Viua
424 1215 551 1239 autem
573 1200 658 1239 fidei
669 1201 788 1239 radice
811 1199 907 1238 solos
923 1199 1060 1237 eleetos
1084 1198 1280 1251 dignatur,
1294 1204 1384 1241 utin'

88 1252 203 1293 finem
218 1256 325 1305 vsque
336 1255 641 1306 perseuerent.1ta
654 1253 804 1292 diluitur
816 1253 980 1290 obiestio
994 1252 1069 1294 illa,
1085 1252 1111 1289 fi
1124 1251 1208 1291 vere
1219 1256 1387 1306 gratiam

89 1308 191 1344 suam
205 1307 432 1344 demonstrat
444 1310 544 1345 Deus
556 1334 565 1349 ‚
581 1306 655 1344 hoc
674 1303 856 1358 perpetuo
870 1304 983 1343 fixum
999 1301 1094 1342 effe:
1109 1308 1195 1357 quia
1208 1306 1299 1344 nihil
1310 1307 1382 1345 ob-

88 1362 157 1397 stat
174 1362 373 1409 quominus
397 1360 557 1410 praesenti
570 1361 697 1412 gratiae
721 1358 787 1396 suae
800 1358 901 1396 sensu
915 1384 925 1402 ,
941 1360 1003 1410 qui
1029 1360 1156 1408 postea
1182 1359 1384 1406 euanescin‘

89 1415 192 1449 Deus
213 1411 354 1462 aliquos
369 1412 533 1450 illustret.

118 1477 154 1501 υ,
210 1464 439 1516 Qanquam
453 1467 565 1502 etiam
580 1463 667 1503 fides
680 1464 809 1503 diuinae
822 1476 908 1518 erga
920 1478 987 1502 nos
999 1463 1269 1502 beneuolentiae
1280 1465 1381 1503 noti-

89 1518 143 1554 tia
153 1517 257 1557 est,&
273 1530 369 1555 certa
382 1516 427 1554 de
439 1519 514 1555 eius
528 1521 682 1556 veritate
698 1517 881 1569 persuafio
896 1531 992 1554 :non
1006 1517 1140 1554 mirum
1152 1519 1251 1555 tame
1266 1519 1315 1555 est
1325 1517 1380 1555 di-

90 1569 169 1605 uini
180 1570 313 1605 amoris
327 1569 466 1607 sensum
481 1572 517 1608 in
529 1572 754 1621 temporariis
769 1569 1061 1621 euanescere‚qui
1074 1570 1157 1607 licet
1168 1568 1256 1607 fidei
1268 1570 1310 1608 fit
1321 1571 1384 1609 af*

88 1619 232 1663 finis‚ab
247 1633 290 1658 ea
303 1633 429 1659 tamen
449 1623 605 1661 multum
622 1621 756 1659 differt.
771 1622 950 1660 Voluntas
964 1624 1037 1659 Dei
1048 1622 1288 1660 immutabilis
1311 1625 1383 1666 est‚'

89 1672 231 1715 fateor,
246 1677 282 1710 &
304 1674 446 1725 semper
468 1677 542 1713 eius
564 1677 692 1713 veritas
716 1674 780 1711 fibi
793 1676 944 1712 constat.
955 1675 1055 1725 atqui
1073 1687 1171 1728 nego
1193 1673 1379 1726 hucusque

89 1725 260 1778 progredi
273 1728 467 1776 reprobos,
482 1729 568 1765 vtin
587 1739 755 1765 arcanam
766 1727 871 1764 illamv
892 1727 1156 1765 reuelationem
1168 1739 1376 1778 penetrent.

88 1790 199 1827 quam
221 1777 302 1815 solis
325 1779 450 1817 ele6³cis
469 1782 652 1831 Scriptura
666 1778 846 1817 vendicat.
868 1781 979 1831 Nego
1001 1781 1113 1830 igitur
1136 1793 1199 1816 eos
1223 1780 1279 1817 vel
1302 1783 1378 1821 Dei

88 1829 321 1869 voluntatem
334 1858 343 1874 ‚
356 1844 394 1870 vt
405 1833 454 1869 est
468 1832 706 1871 immutabilis
719 1858 729 1875 ,
742 1844 871 1882 capere
884 1859 893 1875 ‚
906 1832 964 1870 vel
976 1833 1049 1869 eius
1072 1833 1264 1869 veritatem
1286 1845 1383 1871 con-

89 1884 222 1921 stanter
233 1883 502 1935 ample&i:quia
517 1883 667 1922 insensu
679 1885 842 1922 euanido
853 1884 1051 1922 subfidunt.
1064 1884 1165 1922 ficuti
1175 1885 1285 1922 arbor
1298 1892 1378 1925 nott

88 1933 173 1972 satis
187 1931 261 1973 alte
275 1937 490 1986 plantata‚vt
504 1940 601 1975 viuas
614 1936 752 1974 radices
764 1949 861 1988 agat,
876 1939 1056 1987 temporis
1071 1933 1226 1976 succeffu
1236 1939 1378 1978 arescit:

36 2013 40 2016 -
86 1987 178 2025 licet
192 2001 257 2038 per
276 1988 421 2040 aliquot
439 2003 558 2027 annos
574 2003 648 2027 non
671 1990 781 2027 flores
794 1986 936 2027 tantum
962 1993 996 2027 &
1011 1988 1103 2028 folia
1117 1992 1265 2040 emittat
1277 2018 1287 2033 ,
1312 1990 1387 2029 sed⁵

89 2041 206 2077 etiam
227 2039 376 2079 fructus.
411 2044 583 2093 Denique
606 2043 697 2080 ficut
717 2045 825 2092 primi
847 2041 1007 2079 hominis
1030 2040 1243 2080 defefflone
1260 2043 1375 2081 deleri

87 2093 212 2143 potuit
231 2105 275 2130 ex
287 2094 360 2131 eius
380 2107 506 2132 mente
533 2099 568 2132 δε
586 2097 709 2132 anima
730 2096 858 2148 imago
878 2097 974 2137 Dei,
998 2097 1047 2133 ita
1069 2096 1208 2132 mirum
1228 2109 1303 2133 non
1325 2098 1376 2134 est

90 2144 118 2181 fi
129 2144 346 2195 quibusdam
357 2149 491 2200 gratiae
503 2147 571 2186 suae
581 2147 690 2185 radiis
707 2150 874 2198 reprobis
886 2146 1047 2189 illuceat,
1061 2161 1154 2198 quos
1177 2150 1302 2198 postea
1314 2148 1379 2186 ex'-
1411 2171 1420 2175 -‹

87 2197 210 2249 tingui
225 2200 369 2247 patitur.
381 2201 462 2237 Nec
475 2197 562 2237 verb
576 2202 771 2251 quicquam
795 2191 953 2251 impedit'
972 2202 1171 2248 quominus
1188 2200 1322 2240 leuiter
1335 2215 1380 2240 a*

90 2248 160 2286 lios
176 2251 294 2300 tingat
307 2252 495 2304 Euangelii
508 2253 558 2289 sui
569 2254 704 2290 notitia
718 2279 727 2294 ‚
741 2252 834 2290 alios
846 2255 990 2303 penitus
1003 2253 1160 2291 imbuat.
1182 2254 1269 2290 Hoc
1282 2256 1379 2292 inte-

88 2301 164 2337 rim
175 2302 371 2341 tenendum
383 2309 431 2342 est
445 2331 454 2345 ‚
470 2308 706 2355 quantumuis
721 2306 853 2359 exigua
873 2305 916 2342 fit
937 2319 978 2343 ac
995 2305 1125 2343 debilis
1146 2307 1182 2342 in
1196 2306 1319 2343 electis
1333 2305 1379 2344 fi·-

91 2351 267 2403 des,quia
278 2366 398 2394 tamen
419 2359 565 2408 Spiritus
587 2359 659 2394 Dei
688 2370 786 2396 certa
797 2357 869 2395 illis
890 2358 995 2395 arrha
1008 2359 1057 2395 est
1071 2371 1112 2396 ac
1139 2357 1296 2411 figillum
1310 2358 1378 2396 suae

89 2404 298 2456 adoptionis
313 2436 320 2450 ,
334 2422 517 2460 nunquam
529 2423 573 2446 ex
594 2423 724 2448 eorum
749 2409 919 2450 cordibus
931 2410 1047 2449 deleri
1072 2408 1174 2462 poss'e
1195 2411 1380 2447 eiusicul-

88 2469 237 2510 pturam·
250 2461 456 2518 :reprobos
469 2460 559 2502 ver&
579 2463 643 2502 tali
666 2463 746 2503 luce
770 2463 914 2516 aspergi
937 2476 1016 2515 qua:
1040 2464 1166 2514 postea
1187 2463 1381 2514 dispereat.

1088 2527 1171 2567 §¹⁴³³
1322 2530 1324 2532 ’
