1591 2775
265 22 337 64 ψει
643 16 859 56 LIBRI
912 0 1226 68 QvAnTr‘

270 83 378 121 batur
392 79 515 131 :quod
526 92 595 133 qua
606 81 828 134 negligentia
840 78 1067 119 obsoleuerit
1079 80 1213 122 nescio.
1225 80 1289 118 nifi
1302 73 1547 125 fortedostdss

270 148 354 172 rum
366 133 498 171 desidia
510 160 520 177 ‚
535 133 592 171 vel
604 137 717 184 magis
739 133 907 182 superbia
920 147 929 170 ε
942 133 1027 170 dum
1042 132 1108 170 soli
1120 133 1249 170 volunt
1271 135 1408 184 aliquid
1419 134 1547 171 videm

272 188 446 224 Videmus
469 198 692 235 quantopere
712 183 851 222 sanstus
872 188 925 221 vi'r
945 184 1153 236 indignetur
1173 185 1309 236 aliquid
1321 188 1366 222 de
1389 178 1548 224 meliore?

269 240 364 277 statu
376 234 593 275 concidisse:
609 251 722 288 quum
736 250 858 274 tamen
869 236 986 273 adhuc
998 237 1067 273 illis
1080 239 1188 274 staret
1198 237 1291 274 ordo
1305 237 1435 275 saltem
1447 239 1546 282 τοίς·ῥ

271 290 410 327 rabilis.
422 290 645 341 Qidi'girur
659 290 681 325 fi
697 288 759 326 has
772 288 954 325 deformes
966 290 1085 333 ruinas
1096 291 1298 326 intueretur
1313 283 1548 340 quaenullum

272 339 387 393 prope
401 346 591 395 vestigium
612 340 773 378 referunt
795 342 920 377 vetusti
940 338 1078 377 aedificii
1092 351 1102 378 ,²
1117 354 1185 390 qua
1200 341 1452 390 deploratione
1471 353 1549 386 vte--⁴

270 403 386 432 retur?
404 393 580 443 Principio
594 406 724 430 contra
735 393 791 429 ius
807 397 839 429 δε
862 390 914 428 fas
926 419 936 435 ,
948 393 1045 443 quod
1057 393 1219 430 Ecclefiae
1230 393 1354 430 darum
1368 402 1445 430 erat
1458 421 1468 436 ,
1482 389 1549 428 fibi

222 488 224 491 v
275 449 337 484 vni
361 446 555 483 vindicauit
586 445 790 495 Episcopus.
801 444 950 480 Perinde
969 447 1066 481 enirn
1088 446 1138 481 est
1158 446 1224 482 acfi
1246 447 1379 482 Senatu
1399 444 1548 495 expullo
1561 474 1569 487 „

274 496 412 535 Consul
425 499 614 548 imperium
631 495 725 533 solus
749 508 955 545 occuparet.
970 498 1082 545 A'tqui
1096 523 1106 540 ,
1122 509 1159 534 vt
1181 497 1229 533 est
1243 497 1390 545 reliquis
1405 492 1580 541 honore),

273 550 496 601 superior‚ita
509 548 630 600 inipso
643 547 804 598 collegio
824 547 902 598 plus
915 549 964 585 est
975 547 1204 586 authoritatis
1226 546 1331 598 quam
1344 549 1381 585 in
1397 561 1465 584 vno
1479 547 1551 584 ho-'

276 606 390 641 mine.
400 603 482 638 Fuit
495 603 604 651 igitur
617 599 758 636 facinus
772 601 879 635 nimis
893 599 1179 650 improbfiqubd
1191 613 1277 637 vnus
1290 598 1418 642 homo,
1435 598 1549 637 trans-2

277 654 353 691 lata
364 654 411 690 ad
427 654 460 690 se
471 654 658 689 communi
672 653 850 702 potestate
865 677 874 693 ,
888 656 920 687 δε
936 655 1130 701 tyrannicae
1142 651 1280 690 libidini
1293 650 1463 701 patefecit
1473 651 1549 688 adi-

280 718 359 744 tum
372 731 382 747 ,
398 709 431 742 δι’
447 702 617 741 Εεείείῑεέ
629 702 725 752 quod
747 704 847 740 suum
865 715 940 740 erat
961 706 1093 753 eripuit
1104 707 1162 747 ,‘&
1174 701 1374 751 confessum
1386 700 1551 742 &Christi

280 757 414 809 Spiritu
426 756 632 793 ordinatum
646 752 833 805 suppreffit
846 758 881 792 &
895 754 1089 792 abdicauit.

332 819 356 852 7
413 805 547 846 Veriim
563 810 627 854 (vt
639 806 737 844 aliud
745 806 884 844 malum
897 806 1038 857 semper
1049 820 1092 844 ex
1105 805 1178 844 alio
1189 805 1342 844 nascitur
1355 806 1368 846 l
1384 800 1551 858 Episcopi

275 861 379 899 velut
392 873 469 897 rem
483 861 542 897 sua
553 872 636 898 cura
646 858 833 911 indignam
844 856 1079 904 fastidientes,
1090 858 1237 903 adralios
1247 858 1474 910 ablegarunt.
1488 861 1552 895 In-

277 913 325 951 de
342 914 450 950 creati
463 910 650 950 Officiales
666 938 675 955 ‚
689 914 749 961 qui
767 909 892 949 locutn
912 910 1017 948 illum
1036 911 1248 956 sustinerent
1260 925 1269 948 :
1283 909 1445 949 nondum
1465 908 1550 948 dico

277 965 387 1016 quale
399 976 510 1016 genus
523 962 806 1006 hominum,hoc
816 960 960 1001 tannim
973 962 1057 1001 dico
1073 962 1189 1006 „nihil
1201 961 1349 1012 differre
1359 960 1554 1013 aprofanis'

275 1017 466 1056 iudicibus.
474 1018 518 1054 Er
532 1028 654 1054 tamen
666 1015 892 1066 spiritualem
904 1015 1186 1053 iurisdictionem
1196 1013 1310 1052 adhuc
1321 1025 1453 1052 vocant
1465 1041 1476 1057 ,
1490 1013 1552 1051 vbi·

276 1069 420 1108 nonnisi
434 1068 479 1106 de
490 1069 596 1106 rebus
609 1070 763 1106 terrenis
776 1067 949 1120 litigatur.
963 1071 1012 1105 Vt
1022 1065 1109 1104 nihil
1118 1068 1166 1112 ¹fit
1175 1065 1273 1105 aliud
1283 1063 1509 1107 malissfomm
1523 1065 1550 1103 li

279 1120 451 1175 tigiosum
465 1134 537 1172 qua
547 1119 669 1158 fronte
679 1132 809 1157 vocare
821 1120 961 1157 audent
983 1120 1117 1157 iudicii‘i
1128 1119 1290 1156 Ecclefiae
1301 1127 1312 1156 ἓ
1323 1121 1353 1155 Α
1362 1117 1456 1157 tillic
1467 1117 1551 1163 sunt

241 1203 249 1207 ἰ
274 1174 567 1215 monitiones‚est
589 1173 892 1209 excc‘imunicatio.
906 1170 1046 1209 Scilicet
1056 1173 1105 1208 ita
1116 1183 1202 1208 curn
1215 1173 1299 1208 Deo
1312 1170 1458 1209 luditur.
1474 1172 1552 1216 Def

276 1226 341 1263 bet
353 1225 590 1276 pauperculus
600 1225 731 1274 aliquis
741 1227 934 1273 pecuniam
949 1232 960 1261 Ξ
974 1225 1128 1260 Citatur.
1145 1223 1168 1259 fi
1181 1223 1553 1272 coparet‚damnatur;

278 1277 472 1315 damnatus
486 1278 550 1314 nisi
560 1274 754 1314 satisfaciat
767 1302 777 1320 ‚
791 1288 986 1312 monetur:
1000 1273 1019 1312 ὲ
1030 1277 1234 1312 monitione
1251 1273 1402 1311 secunda
1414 1273 1549 1325 gradus

276 1328 318 1368 fit
338 1328 383 1366 ad
404 1330 835 1366 excommunicationem.
855 1327 966 1364 finon
982 1339 1190 1378 comparet,
1206 1339 1377 1364 monetur
1398 1339 1434 1363 vt
1447 1327 1482 1363 se
1504 1325 1550 1375 fi-

275 1382 344 1419 stat
355 1381 488 1418 iudicio
501 1408 511 1424 ,
525 1381 547 1417 fi
561 1393 705 1418 moram
715 1377 802 1418 facit
814 1406 825 1422 ,
837 1392 1011 1416 monetur
1022 1405 1032 1421 ,
1047 1383 1082 1415 &
1092 1391 1183 1415 mox
1196 1379 1555 1416 excommunicatur.'

276 1432 419 1484 Qaeso
433 1459 443 1476 ,
463 1432 548 1483 quid
560 1434 715 1470 omnino
735 1432 851 1469 fimile
864 1431 922 1469 vel
935 1444 1016 1468 cum
1040 1431 1205 1468 instituto
1227 1429 1381 1472 Christi,
1396 1429 1555 1479 velcuin·
1585 1442 1586 1479 j

276 1498 383 1522 more
407 1488 520 1534 prisco
535 1511 544 1527 ,
562 1485 623 1521 vel
635 1497 717 1521 cum
734 1485 877 1520 ratione
901 1483 1140 1520 Ecclefiastica
1152 1491 1162 1519 Ξ
1175 1485 1228 1518 At
1240 1480 1282 1519 fit
1294 1479 1488 1519 etiamilli'c
1504 1479 1554 1519 δέ
1584 1499 1586 1520 ;

274 1538 371 1575 vitiis
386 1537 546 1574 censura.
562 1539 710 1586 Nempe
737 1535 970 1572 scortationes
984 1533 1397 1578 ‚lasciuiasxbrietates
1424 1537 1457 1570 &
1473 1535 1554 1571 eiu's‘
1584 1553 1585 1579 1

274 1591 419 1642 generis
439 1590 575 1642 flagitia
595 1602 668 1625 non
693 1583 835 1625 tantum
857 1587 1039 1628 tolerant,
1053 1585 1114 1623 sed
1138 1587 1249 1623 tacita
1267 1584 1551 1634 quodammodo
1584 1584 1585 1630 f

274 1641 542 1692 approbatione
555 1640 685 1678 fouent
697 1652 737 1676 ac
747 1637 964 1676 confirmant
978 1653 986 1676 :
998 1651 1114 1688 neque
1126 1637 1160 1675 icl
1171 1640 1206 1675 in
1218 1637 1326 1688 plebe
1337 1636 1450 1675 modo
1463 1662 1474 1679 ‚
1487 1635 1553 1688 sed'
1584 1652 1585 1674 1

274 1695 313 1729 in
327 1692 408 1743 ipfis
423 1706 568 1743 quoque
582 1693 728 1729 clericis.
749 1693 799 1728 Ex
814 1691 940 1729 multis
954 1703 1085 1741 paucos
1098 1690 1190 1728 adse
1205 1693 1355 1731 vocant,
1368 1689 1481 1735 velue
1494 1690 1548 1727 vi·
1584 1685 1585 1693 ¹

277 1744 431 1783 deantur
445 1747 554 1782 nimis
568 1743 734 1781 socordes
746 1746 781 1781 in
795 1746 952 1780 coniuen
960 1743 1022 1784 do,
1037 1742 1096 1779 vel
1109 1755 1146 1780 vt
1156 1743 1308 1794 pecunia
1321 1738 1558 1793 emulgeant:

274 1800 402 1835 Taceo
416 1794 1200 1848 praedas‚rapinas,peculatus,sacrilegia,que
1214 1794 1297 1831 inde
1310 1792 1555 1845 colliguntur.'

273 1852 402 1887 Taceo
423 1849 549 1899 quales
562 1863 597 1885 vt
610 1850 808 1898 plurimum
831 1847 1035 1899 deligantur
1054 1845 1180 1883 adhoc
1197 1858 1342 1882 munus,
1356 1846 1441 1882 Hoc
1462 1844 1550 1882 satis·

272 1898 451 1952 superque
464 1899 628 1951 estquod
639 1914 749 1950 quum
761 1897 1047 1937 iurisdietionem
1060 1896 1160 1936 suam
1174 1897 1397 1949 spiritualem
1407 1897 1546 1935 iactant

269 1954 525 1992 Romanenses
537 1980 546 1995 ‚
560 1952 751 1989 ostendere
764 1964 974 2003 promptum
988 1951 1036 1998 est
1047 1952 1213 1988 institutae
1224 1947 1245 1986 a
1259 1949 1401 1986 Christo
1413 1950 1545 1986 rationi

269 2005 362 2042 nihil
378 2004 449 2043 effe
463 2009 576 2056 magis
588 2006 820 2042 contrarium:
837 2016 919 2040 cum
933 2002 1042 2054 prisca
1054 2015 1140 2039 vero
1153 2000 1414 2038 consuetudine
1423 1999 1545 2038 nihilo

270 2058 352 2108 plus
365 2056 500 2094 habere
513 2057 748 2094 limilitudinis
760 2054 870 2106 quam
882 2055 1048 2093 tenebras
1062 2067 1142 2091 cum
1157 2054 1250 2090 luce.

323 2113 341 2145 8
396 2110 560 2147 Tamerfi
572 2122 643 2145 non
656 2110 780 2144 omnia
793 2108 946 2145 diximus
957 2120 1033 2157 quae
1045 2106 1113 2143 huc
1124 2103 1253 2142 adferri
1266 2108 1487 2154 poteranr‚&
1501 2106 1548 2143 ea*

272 2174 418 2212 quoque
430 2161 497 2210 ipsa
512 2174 589 2210 quae
601 2160 771 2201 diximuS,
783 2162 904 2210 paucis
918 2158 1100 2209 perlinita
1113 2159 1191 2194 sunt
1204 2172 1212 2195 ς
1227 2157 1272 2193 sic
1285 2168 1406 2194 tamen
1418 2157 1542 2204 debel·
1590 2184 1591 2187 η

270 2214 384 2250 larum
399 2212 470 2250 esse
484 2212 606 2249 cofido
623 2224 658 2249 vt
672 2210 763 2247 nihil
776 2215 848 2247 iam
863 2212 902 2248 fit
915 2224 976 2248 cur
988 2210 1162 2259 quispiam
1174 2209 1335 2260 ambigat
1355 2234 1364 2250 ,
1378 2208 1546 2258 spiritua.-
1582 2244 1583 2249 ,

269 2266 341 2303 lem
361 2267 576 2315 potestatem
591 2290 600 2305 ,
616 2277 685 2314 qua
700 2265 794 2313 Papa
805 2275 885 2298 cum
903 2275 985 2300 toro
996 2263 1056 2298 suo
1071 2274 1187 2312 regno
1199 2261 1355 2310 superbit
1372 2286 1382 2303 ,
1393 2262 1540 2310 impiam

271 2316 343 2354 ess‘e
355 2330 482 2355 contra
500 2320 566 2353 Dei
581 2317 728 2352 verbum
743 2327 783 2351 ac
796 2316 963 2351 iniustam
975 2327 1008 2350 in
1023 2327 1099 2350 eius
1111 2313 1286 2363 populum
1300 2312 1540 2362 tyrannidem..

273 2374 324 2406 ‘Ac
338 2370 528 2420 spiritualis
544 2368 691 2418 quidem
713 2367 897 2416 potestatis
911 2367 1062 2402 nomine
1084 2376 1165 2402 tum
1179 2364 1362 2401 audaciam
1377 2363 1543 2412 comple-
1582 2398 1583 2403 ,

271 2424 347 2460 {tor
361 2426 396 2459 in
408 2420 596 2460 fabricatus
610 2420 712 2457 nouis
736 2419 906 2459 <loannis
922 2444 931 2457 ,
945 2417 1073 2468 quibus
1086 2417 1251 2455 miseram
1274 2417 1418 2468 plebem
1430 2413 1449 2452 ὲ
1461 2428 1543 2467 ger-
1585 2424 1589 2466 ’ἲ

1425 2473 1542 2507 ‘maiia
1586 2467 1589 2508 ἱ
