1591 2775
470 7 719 49 CAPVT
771 9 844 47 11..
1261 4 1331 50 ‘7‘

35 85 44 102 '
90 85 111 123 8
163 79 270 134 Qid
281 92 370 132 ergo
385 79 529 127 ?(dicet
541 75 736 129 quispiam)
751 72 1021 128 nullineigitur
1039 72 1181 126 reliqua
1202 87 1278 113 erat
1289 77 1329 114 in

41 138 170 177 ludaeis
184 133 345 172 Ecclesiae
360 131 535 182 particula
546 143 589 168 ex
601 143 674 180 quo
686 129 731 165 ad
741 126 991 165 idololatriam
1004 126 1331 166 defeceruntffiaci-

41 191 85 228 lis
109 189 159 225 est
180 184 379 236 responsio.
397 179 558 222 Primum
581 182 662 218 dico
682 182 719 217 in
743 178 816 228 ipsa
839 177 1050 216 defectione
1071 177 1176 217 fuiffe
1196 178 1332 233 gradus

39 233 231 294 quosdam„
245 249 362 287 neque
376 237 475 274 enim
485 235 647 271 dicemus
660 231 814 270 eundem
831 227 932 269 fuiffe
954 227 1092 280 lapsum
1109 230 1206 281 Iudae
1229 235 1265 270 &
1279 231 1333 270 Is·-

43 293 150 331 raelis
164 317 174 332 ,
187 303 264 341 quo
278 286 436 339 primum
449 298 621 335 tempore
639 297 796 335 vterque
817 281 838 321 ὲ,
851 296 944 334 puro
965 284 1038 321 Dei
1049 282 1147 321 cultu
1167 283 1333 321 deflexit.

46 343 242 383 Iarobeam
257 352 371 391 quum
385 338 517 376 vitulos
539 335 875 374 fabricaretoeontra
895 347 1060 383 apertam
1077 337 1151 373 Dei
1170 335 1336 387 prohibi-

45 400 188 435 tionem
205 420 214 436 ‚
229 399 262 430 δε
276 392 484 430 adorationi
510 391 632 427 locum
656 403 730 426 non
744 389 883 426 licitum
895 387 1078 426 dedicaret
1089 414 1099 429 ‚
1112 387 1335 439 religionem

47 448 191 500 prorsus
213 457 390 494 corrupit.
408 444 515 480 ludaei
530 437 628 492 prius
649 444 682 479 se
702 442 822 491 impiis
836 439 1001 478 moribus
1028 444 1063 478 Sc
1085 437 1335 490 superstitiosis

47 501 283 551 inquinarunt
304 494 414 546 quam
436 496 567 532 statum
580 496 615 530 in
627 506 781 531 externa
801 492 991 546 religionis
1013 490 1131 530 forma
1143 504 1338 543 perperam

47 561 242 590 mutarent.
294 560 475 598 uinquam
489 548 585 583 enim
601 544 908 583 subRechabeam
919 544 1054 583 multas
1067 547 1137 582 iam
1150 542 1340 595 peruersas

46 604 276 641 ceremonias
288 600 397 652 vulgo
410 599 475 636 fibi
486 599 684 636 asciuerant
699 624 709 640 ,
725 601 808 648 quia
819 599 916 635 tame
928 597 1199 646 Hierosolymis
1211 609 1343 635 mane-

50 656 140 693 bant
157 658 189 691 &
208 654 312 703 Legis
327 652 495 689 doctrina
511 656 544 688 &
561 649 801 688 sacerdotium
815 677 825 691 ,
839 653 874 687 ὃ(
887 651 974 687 ritus
987 649 1114 700 quales
1127 652 1227 688 Deus
1238 650 1344 687 insti-

51 704 377 746 tuerat:habebant
393 703 465 741 illic
479 705 526 754 pii
539 702 774 740 tolerabilem
786 701 950 740 Ecclesiae
960 702 1216 753 statum.Apud
1230 702 1347 740 1srae-
1391 737 1395 740 ,

50 755 265 807 litas-,vsque
277 755 324 794 ad
335 769 490 809 regnum
509 754 636 793 Achab
650 768 706 792 res
720 752 872 792 minime
885 756 922 791 in
933 754 1063 791 melius
1076 756 1249 793 restitutae
1260 781 1270 798 ,
1284 755 1347 793 tfic

49 809 140 850 veto
153 811 263 847 etiam
277 811 315 846 in
328 807 489 846 deterius
501 808 678 859 prolapsae
690 807 868 859 sunt.Qi
879 807 1012 857 postea·
1022 804 1276 851 successerunt,
1287 806 1349 845 vs-

53 876 126 915 que
139 862 182 900 ad
195 864 383 898 interitum
396 862 655 913 regni,part=m
669 861 745 897 eius
758 857 909 898 fuerunt
920 859 1202 910 fimiles‚partim
1214 863 1348 910 (quum

54 915 249 965 aliquanto
265 913 436 950 meliores
452 909 526 949 effe
540 911 914 962 venenoexemplum
928 911 1084 949 larobei
1097 913 1241 963 sequuti
1255 912 1351 950 sunt.

57 980 188 1005 omnes
201 979 324 1004 autem
337 965 384 1002 ad
397 979 507 1002 vnum
523 966 675 1014 impii&
690 964 910 1002 idololatrae.
929 967 969 1001 In
983 962 1102 1002 Iudaea
1111 967 1217 1002 variae
1230 964 1355 1002 subin-

58 1020 105 1056 de
120 1020 344 1056 mutationes
359 1016 521 1058 fuerunt,
539 1016 625 1054 dum
638 1015 700 1053 alii
712 1029 818 1068 reges
840 1016 979 1054 cultum
996 1019 1067 1054 Dei
1089 1015 1185 1054 falsis
1200 1020 1234 1054 δι
1249 1029 1355 1054 com·-

60 1073 242 1109 mentitus
256 1067 568 1119 superstitionibus
582 1081 813 1118 peruertunt‚
827 1070 886 1106 alii
905 1065 1112 1117 diffipatam
1132 1069 1357 1122 religionem

59 1125 280 1161 instaurant:
297 1121 415 1158 donec
436 1122 500 1172 ipsi
512 1133 659 1170 quoque
685 1119 888 1159 sacerdotes
910 1119 1093 1172 templum
1105 1123 1178 1159 Dei
1189 1119 1357 1172 profanis

60 1170 396 1222 abominandisque
411 1174 544 1210 ritibus
558 1172 783 1223 polluerunt.

115 1239 138 1269 9
175 1231 257 1277 Age
270 1237 518 1277 nunc‚negent
531 1225 679 1274 Papistae
692 1224 717 1262 fi
731 1220 936 1274 possunt,vt
951 1224 1009 1263 sua
1022 1225 1107 1263 vitia
1118 1224 1282 1264 maxime
1295 1226 1361 1264 ex-'

63 1278 425 1330 tenuent‚religionis
439 1279 570 1314 statum
582 1279 629 1313 ita
639 1276 735 1327 apud
748 1277 784 1316 se
795 1289 1008 1327 corruptum
1021 1277 1265 1330 vitiatumque
1284 1277 1359 1319 esse

65 1343 104 1370 vt
117 1328 186 1368 fuit
199 1333 236 1367 in
247 1343 365 1380 tegno
379 1329 578 1366 Israelitico
591 1328 655 1366 sub
670 1328 878 1366 Iarobeam.
892 1332 1003 1380 Atqui
1030 1330 1282 1369 idololatriam
1296 1332 1363 1370 ha-

64 1384 155 1421 bent
171 1379 511 1431 ctaffioremzneque
528 1382 566 1418 in
583 1381 911 1433 dozstrinaguttula
926 1395 993 1420 vna
1005 1383 1084 1421 sunt
1097 1385 1261 1434 puriores
1275 1398 1283 1420 t
1295 1384 1362 1424 niss

67 1433 163 1473 forte
174 1437 210 1471 in
222 1433 290 1471 hac
303 1447 452 1485 quoque
473 1433 544 1483 ipsa
555 1436 671 1487 magis
694 1434 760 1471 sint
773 1437 1026 1485 impuri.Deus
1038 1462 1049 1478 ,
1060 1433 1140 1473 imo
1152 1438 1363 1489 quicunque

70 1487 254 1525 mediocri
267 1486 400 1523 iudicio
414 1485 551 1534 praediti
565 1485 663 1527 sunt.
679 1484 767 1523 mihi
789 1499 897 1529 erunt
909 1488 1028 1531 testes,
1045 1493 1080 1526 &
1094 1501 1152 1526 res
1164 1490 1276 1527 etiam
1288 1489 1363 1539 ipsa

69 1539 226 1577 declarat
249 1536 358 1588 quam
382 1537 473 1574 nihil
497 1536 555 1575 liic
575 1537 810 1588 amplificem.
826 1542 903 1576 Iam
924 1553 1035 1590 quum
1054 1540 1097 1577 ad
1118 1540 1283 1580 Ecclefiae
1294 1543 1365 1581 suae

71 1592 374 1630 communionem
395 1589 545 1642 adigere
558 1604 623 1627 nos
638 1589 766 1628 volunt
780 1618 790 1633 ,
803 1590 877 1629 duo
901 1592 1084 1642 postulant
1103 1592 1122 1630 a
1133 1594 1239 1631 nobis
1251 1608 1262 1630 ε
1289 1596 1369 1646 pri-

76 1643 234 1689 muniat
245 1641 616 1693 precibus,sacrisque‚
635 1646 668 1679 &
684 1646 904 1681 ceremoniis
916 1642 986 1681 suis
1007 1646 1183 1684 omnibus
1196 1658 1367 1686 commu-

71 1697 232 1733 nicemus
253 1693 407 1731 :deinde
423 1707 460 1732 vt
482 1695 650 1743 quicquid
670 1696 845 1738 honoris,
869 1699 1081 1746 potestatis,
1104 1697 1364 1737 iurisdictionis

75 1747 239 1786 Ecclefiae
253 1744 321 1783 suae
334 1747 461 1784 tribuit
476 1747 693 1787 Chr1stus,id
708 1747 869 1785 Ecclefiae
883 1750 949 1786 suae
962 1747 1309 1803 deferamus.Qod
1321 1751 1366 1790 ad

75 1803 234 1851 primum
257 1800 388 1836 attinet
400 1824 410 1840 ‚
427 1798 548 1835 fateor
561 1799 762 1848 Prophetas
783 1814 911 1838 omnes
924 1803 987 1851 qui
1001 1802 1275 1854 Hierosolymis
1287 1802 1367 1842 fue-

74 1863 293 1901 runt,quum
306 1864 361 1887 res
375 1850 450 1887 illic
463 1848 580 1888 essent
593 1851 788 1895 admodum
802 1865 993 1904 corruptae,
1008 1867 1074 1891 nec
1090 1855 1250 1894 seorsum
1263 1858 1369 1894 sacri-

76 1901 213 1945 ficaffe,
228 1916 294 1940 nec
309 1901 492 1952 separatos
509 1902 671 1941 babuiffe
687 1903 732 1941 ab
744 1905 822 1942 aliis
834 1905 881 1942 ad
892 1906 1075 1945 orandum
1089 1919 1216 1946 coetus.
1242 1909 1369 1948 Habe-

76 1957 165 1994 bant
182 1957 278 1993 enim
298 1956 369 1992 Dei
391 1955 605 1993 mandatum
628 1958 751 2006 quoin
766 1957 944 2008 templum
958 1958 1169 1998 Solomonis
1191 1956 1369 2000 conueni-

19 2053 22 2056 .
78 2022 119 2045 re
135 2007 978 2061 iubebantur:sacerdotesLeuitic08‚quos,quia
994 2012 1179 2050 sacrorum
1192 2015 1372 2053 antistites
1390 2035 1409 2072 b

81 2060 242 2098 ordinati
255 2072 361 2096 erant
373 2060 392 2096 a
406 2062 575 2097 Domino
588 2088 597 2102 ,
612 2062 766 2098 necdum
778 2062 956 2105 abdicari,
968 2076 1151 2116 vtcunque
1172 2066 1313 2117 indigni
1327 2081 1373 2104 eo
1415 2048 1447 2079 '9

80 2112 224 2150 honore
238 2106 498 2154 essent,locum
512 2112 614 2150 illum
627 2115 703 2151 iure
715 2113 832 2151 adhuc
847 2127 973 2153 tenere
985 2120 1303 2171 nouerant.Q0d
1317 2133 1374 2157 ve-

80 2163 124 2201 τὸ
147 2176 251 2214 caput
275 2165 326 2201 est
349 2165 462 2201 totius
479 2165 683 2212 quaestionis
698 2193 707 2209 ,
719 2166 763 2203 'ad
775 2167 914 2205 nullum
939 2167 1222 2218 superstitiosum
1235 2172 1375 2211 cultum

81 2217 336 2265 adigebantur:
350 2216 431 2254 imo
445 2217 534 2253 nihil
549 2215 791 2266 suscipiebant
803 2220 903 2270 quod
919 2234 991 2257 non
1005 2217 1096 2258 effer
1109 2221 1128 2260 ὲ
1141 2226 1226 2260 Deo
1237 2226 1376 2263 institu-

84 2267 290 2317 tum.Apud
303 2268 371 2304 hos
386 2281 523 2311 autem,
538 2271 692 2317 Papistas
702 2271 798 2314 dico,
813 2271 898 2322 quid
916 2273 1028 2312 simile
1041 2284 1052 2312 ἓ
1064 2277 1132 2313 vix
1146 2278 1244 2314 enim
1261 2277 1377 2315 vllum

85 2332 168 2357 cum
189 2320 271 2368 ipfis
294 2332 519 2359 conuentum
533 2318 720 2371 possumus
741 2323 878 2362 habere
898 2327 933 2362 in
960 2339 1033 2373 quo
1049 2341 1125 2364 non
1152 2341 1278 2378 aperta
1301 2329 1388 2371 ido-i

87 2372 235 2409 lolatria
258 2385 324 2407 nos
349 2372 574 2422 polluamus.
587 2373 697 2412 Certe
716 2379 937 2428 praecipuum
963 2382 1237 2418 communionis
1262 2383 1383 2419 vincu-

88 2424 166 2462 lum
187 2426 223 2460 in
246 2420 354 2465 Miss'a
367 2426 417 2462 est
432 2439 560 2476 ,quam
587 2440 653 2465 nos
668 2440 703 2466 vt
726 2431 927 2469 maximum
951 2431 1179 2483 sacrilegium
1191 2433 1381 2471 abomina-

1390 1989 1472 2022 Exo.
1485 1997 1545 2027 29.
