1591 2775
241 0 310 40 802
612 0 1180 54 LIBR1QVART1

234 66 436 108 authoritas
450 63 819 116 sanciebatur-,nequis
833 78 898 105 eos
910 68 1062 116 impune
1077 64 1293 111 violaret-tn
1307 64 1402 106 hunc
1411 61 1527 106 finem

237 121 434 170 vnicuique
455 115 635 169 Episcopo
658 117 963 156 committebatur
973 117 1061 156 cleri
1074 119 1127 157 sui
1149 118 1372 171 gubernatio
1386 145 1395 163 ,
1413 132 1449 158 vt
1472 120 1530 158 se-

239 167 398 210 cundnm
411 172 580 209 Canones
596 168 675 208 suos
689 171 840 208 clericos
852 182 999 223 regeret
1014 197 1023 213 ,
1035 183 1078 208 ac
1090 166 1265 208 in'officio
1285 172 1472 209 retineret.
1485 175 1529 210 In

237 221 455 266 hunc-finem
466 223 636 260 institutae
650 235 751 261 erant
763 235 888 260 annuae
904 222 1148 274 inspectiones
1161 235 1202 260 ac
1215 223 1408 268 Svsiodssvt
1421 223 1529 275 liquis

235 275 334 315 foret
344 277 379 313 iti
392 271 517 313 officio
543 275 792 327 negligentior
802 302 812 317 ‚
826 274 1089 312 admoneretur
1107 288 1115 312 ι
1130 274 1235 326 fiquis
1249 273 1424 323 peccasset
1435 302 1445 319 ,
1458 287 1527 326 pro

233 326 349 366 modo
363 326 486 365 delicti·
509 327 544 364 iri
558 331 601 364 ei'i
615 326 1057 378 animaduerteretur.1pfi
1072 340 1217 377 quoquc
1239 326 1405 377 Episcopi
1419 339 1531 376 quot-

233 382 335 419 annis
351 379 427 418 suas
441 379 603 416 habebit
617 379 857 428 prouinciales
872 379 1039 430 Synodos
1052 405 1061 419 ,
1073 380 1269 428 antiquitus
1284 380 1396 416 etiam
1408 379 1526 422 binas,

235 430 400 483 aquibus
422 430 674 468 indicabantur
696 430 720 467 fi
735 430 808 481 iuid
829 443 960 482 praeter
991 428 1154 468 officium
1174 430 1404 468 admiserant.
1425 432 1526 468 Nam

234 485 342 535 fiquis
360 484 554 536 Episcopus
567 482 688 519 durior
700 493 777 520 erat
788 494 852 520 aut
874 483 1078 520 violentior
1098 485 1134 520 in
1150 481 1250 521 suum
1262 485 1400 520 clerum
1413 507 1424 526 ,
1441 481 1530 519 illuc

235 549 316 574 etat
326 535 707 587 prouocatio.etiamfi
721 547 806 572 vnus
821 530 961 572 taiitt‘im
975 536 1285 583 conquerebatur.
1301 533 1529 572 Animaduet

235 589 288 627 fio
300 585 525 626 seuctiss‘irna
539 599 636 628 erat.
652 599 686 624 vt
700 585 952 636 deponeretur
961 585 1007 623 ab
1028 585 1153 624 officio
1166 589 1226 637 qui
1238 597 1454 637 peccauerat
1465 612 1476 630 ,
1487 598 1530 624 ac

234 642 506 679 communione
521 637 563 674 ad
577 651 720 688 tempus
743 641 958 688 priuaretur.
973 638 1078 690 Qgia
1097 650 1222 676 autem
1236 650 1312 676 erat
1327 638 1391 675 ille
1402 649 1531 688 perpe-

237 705 322 731 tuus
335 692 451 732 ordo,
469 689 657 741 Synodum
679 689 866 726 dimittere
887 702 1075 740 nunquam
1102 689 1267 727 solebant
1291 692 1376 742 quin
1399 692 1529 728 locum

237 757 280 782 ac
306 757 444 793 teinpus
465 744 643 794 proximae
663 741 883 779 indicerent.
906 739 1229 791 Nampvniuersale
1250 754 1382 794 cogere
1395 743 1529 779 Conci-

237 796 327 835 lium
349 795 459 833 solius
482 807 559 832 etat
581 796 815 844 Imperatoris
830 819 840 836 ,
862 789 1172 844 quemadmodum
1197 794 1374 832 testantur
1396 805 1530 832 omnes

238 848 387 886 vetustae
401 846 613 884 indictiones
629 844 809 897 Qandiu
822 845 969 909 vigebat
982 846 1056 883 hacc
1068 846 1253 889 seueritas,
1268 858 1341 882 nori
1356 844 1436 895 plus
1448 858 1527 883 ver-

238 899 290 937 bo
303 899 500 952 exigebant
512 899 631 935 clerici
645 896 666 936 ὲ
677 897 786 947 plebe
807 910 917 949 quam
939 899 1113 947 exemplo
1129 903 1164 934 δε
1176 910 1299 947 operae
1309 897 1527 948 praestarent.

239 951 352 1004 Qin
369 947 486 988 multo
501 949 690 1005 rigidiores
713 961 817 987 erant
836 951 875 986 in
895 949 1030 1001 seipios
1050 947 1204 1001 quiimin
1230 949 1372 1001 vulgus.
1387 944 1534 987 Etsane‘

236 1006 286 1042 ita
300 1004 407 1042 decet
422 1015 460 1041 vt
476 1002 695 1040 humaniore
710 1003 899 1039 &laxiore
914 1005 929 1049 (
945 1014 981 1039 vt
994 1005 1044 1039 ita
1057 1003 1186 1052 loquar
1198 1002 1214 1048 )
1226 999 1410 1053 disciplina
1423 1000 1529 1050 plebs

191 1096 194 1098 ,
233 1068 385 1108 regatur
399 1071 407 1093 :
421 1055 543 1093 clerici
555 1057 648 1092 inter
669 1055 703 1092 se
729 1057 889 1092 acriores
913 1065 1108 1091 exerceant
1134 1054 1298 1091 censuras
1311 1079 1320 1097 ‚
1335 1054 1529 1104 minusque

233 1105 348 1162 longe
367 1105 547 1156 (ibiquam
560 1107 638 1144 aliis
649 1104 876 1156 indulgeant.
891 1105 987 1142 Istud
1005 1118 1126 1144 totum
1141 1118 1177 1143 vt
1198 1105 1422 1144 obsoleuerit
1435 1104 1528 1144 nihil

232 1174 327 1211 opus
351 1161 400 1197 est
420 1159 557 1198 referre
571 1185 581 1199 .
601 1171 715 1210 quum
730 1158 805 1195 nihl
825 1157 938 1195 hodie
961 1156 1050 1211 fingi
1069 1170 1178 1209 queat
1198 1157 1270 1195 hoc
1295 1158 1424 1195 ordine
1447 1169 1526 1194 ma-

174 1242 181 1245 »
231 1214 288 1266 gis
303 1211 448 1250 effraene
477 1223 516 1248 ac
535 1206 744 1248 dissolutum
758 1225 767 1247 z
782 1222 822 1248 ac
835 1208 881 1247 εὸ
903 1210 1058 1247 licentiae
1079 1212 1241 1260 prorupit
1263 1222 1413 1248 vttotus
1426 1209 1527 1247 orbis¹

232 1262 533 1303 vocifereturNe
545 1262 638 1312 apud
649 1261 742 1313 ipsos
758 1262 920 1299 videatur
933 1261 1073 1313 prorsus
1088 1261 1224 1311 sepulta
1239 1259 1310 1298 effe
1320 1263 1444 1298 omnis
1457 1274 1529 1298 an·-

236 1315 688 1365 tiquitas,vmbris,fateor‚
703 1312 916 1365 quibusdam
944 1313 1130 1364 decipiunt
1153 1313 1367 1364 fimplicium
1379 1312 1525 1357 oculos,

236 1368 297 1407 sed
309 1381 386 1419 quae
399 1368 444 1406 ad
470 1368 631 1406 vetustos
645 1379 768 1404 mores
793 1365 909 1403 nihilo
931 1360 1079 1416 propius
1103 1366 1282 1402 accedunt
1295 1365 1402 1416 quam
1418 1364 1528 1402 fimiae

237 1421 425 1458 aemulatio
436 1418 479 1458 ad
492 1420 529 1457 id
540 1418 639 1468 quod
652 1420 795 1456 ratione
814 1422 847 1455 δε
863 1417 1013 1455 consilio
1026 1416 1163 1454 faciunt
1176 1416 1358 1455 homines.
1371 1417 1527 1454 Memo-

68 1484 172 1527 Lgbw
191 1493 211 1526 3
238 1473 361 1511 rabilis
374 1473 424 1509 est
435 1471 528 1523 apud
540 1470 830 1522 Xenophontem
844 1468 1022 1512 locus‚vbi
1034 1470 1153 1511 docet,
1169 1482 1281 1518 quum
1293 1472 1449 1520 turpiter
1459 1468 1523 1506 de-

65 1538 182 1580 PaedC
199 1518 223 1578 ,J
238 1521 471 1577 generassent
483 1522 595 1561 Petsae
608 1522 627 1560 ὲ
640 1524 820 1560 maiorum
834 1523 1014 1563 institutis,
1031 1525 1063 1562 δι’
1078 1520 1125 1558 ab
1137 1522 1280 1558 austero
1293 1525 1400 1557 viuen
1408 1522 1441 1558 di
1455 1533 1528 1574 gc-

65 1588 87 1594 “·
173 1556 195 1593 ‘7
218 1569 226 1579 ⁸
238 1590 326 1617 nere
337 1577 382 1614 ad
394 1576 594 1614 mollitiem
610 1580 643 1612 ὅτ
658 1574 803 1611 delicias
815 1573 968 1624 prolapfi
985 1567 1112 1615 effent,
1127 1584 1165 1610 vt
1176 1574 1275 1610 tarne
1287 1571 1438 1612 dedecus
1451 1573 1526 1610 hoc

236 1641 406 1683 tegerent
421 1656 429 1669 ,
445 1627 577 1678 priscos
592 1629 679 1664 ritus
693 1625 815 1664 sedulo
829 1623 992 1663 seruasse.
1018 1627 1112 1662 Nam
1129 1638 1239 1675 quum
1252 1626 1339 1676 Cyri
1353 1637 1524 1677 tempore

236 1682 398 1732 eousque
411 1685 551 1725 vigeret
566 1680 744 1717 sobrietas
760 1679 1054 1728 &temperantia
1065 1690 1102 1714 vt
1115 1678 1264 1729 emungi
1277 1690 1369 1728 opus
1383 1690 1456 1716 non
1469 1676 1526 1715 es-

230 1733 286 1772 set
298 1762 307 1776 ,
331 1724 577 1784 atque—*etiam
600 1731 725 1783 probri
745 1731 830 1768 loco
854 1730 1068 1769 duceretur:
1081 1728 1177 1780 apud
1202 1730 1365 1781 posteros
1382 1729 1525 1767 durauit

229 1787 363 1840 religio
376 1790 502 1834 nequis
525 1796 668 1822 mucum
682 1781 701 1821 ὲ
714 1783 857 1820 naribus
869 1781 1030 1820 traheret
1041 1808 1051 1824 ‚
1066 1779 1309 1820 sorbeteveto
1325 1784 1358 1819 &
1372 1783 1469 1820 intus
1482 1793 1525 1817 a-

230 1839 307 1877 lere
322 1838 365 1874 ad
378 1837 608 1889 putredinem
620 1835 725 1887 vsque
739 1833 890 1873 foetidos
905 1833 1078 1872 humores
1089 1846 1182 1885 quos
1193 1846 1238 1871 cx
1258 1832 1420 1886 ingluuie
1432 1845 1524 1870 con-

230 1903 418 1928 traxerant
434 1916 442 1931 ,
456 1884 675 1937 permiffuiri.
696 1891 749 1926 lta
769 1901 813 1925 ex
832 1899 958 1925 vetere
979 1899 1159 1937 praecepto
1176 1897 1298 1922 vrceos
1321 1883 1464 1923 adferte
1476 1884 1523 1923 ad

228 1943 394 1981 mensam
414 1939 665 1979 nefasnnerum
679 1940 958 1993 ingurgitare.vt
972 1940 1094 1977 ebrios
1109 1935 1241 1976 auferri
1254 1935 1396 1974 neceffe
1406 1936 1520 1980 foret,

231 1994 437 2033 tolerabile.
450 1993 566 2030 Semel
579 1992 780 2030 comedere
801 1989 1040 2041 praescriptum
1055 2004 1064 2028 ε
1079 1990 1150 2027 hoc
1162 2002 1235 2026 riou
1255 1991 1522 2040 abrogauerant

229 2045 321 2084 boni
342 2045 397 2082 isti
420 2042 630 2082 succeffores
644 2071 653 2086 ‚
668 2044 727 2082 sed
740 2057 777 2081 vt
800 2041 820 2081 ὲ
841 2042 996 2081 meridie
1016 2043 1121 2093 isque
1135 2042 1178 2079 ad
1199 2040 1355 2079 mediam
1371 2043 1520 2078 noctem

230 2110 490 2135 continuarent
504 2097 579 2133 suas
596 2096 760 2146 crapulas
773 2094 980 2133 ,Conficere
993 2096 1115 2132 diurvt'i
1129 2100 1197 2131 iter
1208 2095 1452 2144 ieiunos.quia
1462 2093 1523 2130 lex

230 2151 383 2189 iubebat
394 2177 404 2192 ‚
422 2161 588 2200 perpetui
610 2150 707 2198 apud
733 2161 796 2185 eos
816 2153 927 2185 moris
944 2146 1035 2185 fuit:
1051 2146 1108 2185 sed
1131 2143 1345 2183 lassitudinis
1369 2145 1522 2186 vitandae

232 2202 335 2241 causa
348 2228 359 2243 ,
371 2204 442 2239 iter
453 2202 498 2237 ad
514 2201 596 2238 duas
610 2200 716 2237 horas
731 2200 959 2241 contrahere,
974 2199 1131 2236 liberum
1145 2204 1178 2235 ὅ(
1196 2198 1359 2236 vfitatum
1376 2210 1420 2234 ex
1433 2209 1521 2234 con-

233 2253 422 2294 fixetudine
435 2253 518 2290 fuit.
530 2253 694 2311 Qoties
709 2251 910 2302 degeneres
926 2253 999 2289 suas
1018 2253 1157 2303 regulas
1169 2249 1345 2287 obtendet
1361 2250 1521 2300 Papillae,

232 2319 271 2342 vt
285 2305 320 2342 se
330 2306 519 2343 ostendant
533 2306 658 2341 aflines
671 2300 741 2341 effe
759 2304 886 2340 (unciis
903 2306 1077 2342 Patribus,
1095 2303 1280 2339 ridiculam
1296 2315 1425 2338 eorum
1439 2302 1520 2338 imi·

233 2359 414 2396 tationem
430 2358 499 2394 hoc
510 2358 720 2408 exemplum
735 2357 816 2400 latis
828 2368 1019 2409 coarguet,
1033 2368 1069 2395 vt
1082 2357 1201 2394 nullus
1214 2355 1328 2406 pistor
1342 2356 1460 2405 magis
1475 2350 1521 2390 ad

231 2423 357 2450 viuum
367 2408 478 2463 pofl'it
492 2411 712 2461 exprimere.

519 2486 523 2493 ··
1338 2473 1376 2506 23
1431 2461 1464 2495 V
1466 2469 1513 2495 na
