1591 2775
173 14 269 64 ,632
584 15 794 51 LIBRI
847 12 1115 50 TERTII

40 101 124 142 Rani
149 107 169 140 3
212 81 396 121 deformes
411 79 683 132 conspiciuntur
703 83 815 120 ruinae
829 109 838 125 ,
850 81 1173 131 dicitQuaecunque
1193 69 1331 120 ixi'caelo
1347 85 1380 119 &
1395 85 1509 120 terra‘·

29 139 31 141 ’
129 133 137 141 ’
175 128 183 139 ’
210 136 293 174 sunt
307 135 393 175 eniti
404 134 449 172 ad
459 136 758 172 renouationern.
779 136 876 172 Nam
889 147 1002 184 quum
1018 133 1139 171 Adam
1156 133 1220 171 suo
1231 134 1334 185 lapsu
1347 132 1479 184 diffipa

211 189 305 226 uerit
316 187 501 241 integrum
515 199 649 223 naturae
661 185 911 228 ordinem,sua
925 187 1097 224 creaturis
1110 185 1336 228 seruitus‚cui
1348 198 1459 236 propt

209 239 372 279 hominis
385 251 573 289 peccatum
588 237 753 277 subiectae
767 237 857 280 sunt,
869 238 1020 275 molesta
1037 242 1071 275 &
1084 242 1205 290 grauis
1221 239 1270 275 est
1286 252 1294 275 ε
1309 252 1385 275 non
1398 235 1499 288 quod

208 290 367 343 praeditae
382 291 446 327 lint
459 291 586 341 aliquo
603 290 716 332 sensu,
731 290 791 327 sed
805 291 888 340 quia
900 292 1085 340 integrum
1099 286 1228 328 statum
1246 287 1267 328 ὲ
1281 303 1354 341 quo
1369 288 1499 327 excide

208 356 294 381 runt
308 369 317 384 ‚
333 342 540 381 naturaliter
553 354 740 392 appetunt.
759 344 950 380 Gemit-um
963 356 1052 393 ergo
1066 347 1099 379 &
1124 344 1376 393 parturitionis
1388 341 1496 378 dolo-

210 409 292 433 rem
304 394 373 436 illis
385 394 555 433 attribuit
569 395 698 432 Paulus
713 421 722 436 ,
740 407 777 430 vt
789 409 869 437 nos,
889 396 949 445 qui
963 396 1133 444 primitiis
1146 398 1295 445 Spiritus
1307 394 1430 431 donati
1444 395 1499 430 su-

212 460 293 485 mus
307 473 317 490 ‚
332 447 465 498 pudeat
476 448 513 483 in
536 447 657 483 nostra
669 448 901 495 corruptione
917 446 1102 484 tabescere
1114 474 1124 488 ,
1137 460 1178 484 ac
1192 461 1265 484 non
1279 447 1415 484 imitari
1431 445 1499 482 sal-

212 511 291 538 tem
302 511 450 537 mortua
463 498 658 542 elementa,
672 511 750 548 quae
763 498 871 534 alieni
885 500 1023 547 peccati
1038 498 1376 549 poenamsustinent.
1402 495 1498 549 Q&

212 564 338 589 autem
352 549 468 589 acrius
490 565 556 587 nos
570 562 727 601 pungat,
742 549 910 587 vltimum
933 550 1065 587 Christi
1087 551 1281 589 aduentum
1303 563 1410 588 vocat
1431 564 1498 587 no-

210 604 318 641 stram
332 603 640 653 redemptionom
659 606 790 639 Verum
804 601 949 652 quidem
963 602 1098 645 'est‚iam
1112 603 1319 653 completos
1332 601 1403 640 effe
1416 615 1499 638 om-

43 662 130 700 Hel„
142 676 193 701 10.
212 670 275 694 nes
287 656 559 693 resurrectionis
583 655 708 691 nostrae
721 667 895 691 numeros
911 668 918 692 :
932 653 991 691 sed
1004 656 1087 703 quia
1096 655 1256 692 Christus
1268 654 1379 692 semel
1392 653 1499 691 obla-

41 727 104 753 ω),
212 720 267 745 tus
282 708 331 745 est
342 721 409 757 pro
426 709 593 758 peccatis,
606 708 735 744 iterum
747 706 881 755 absque
894 718 1044 755 peccato
1057 707 1271 757 cospicietur
1284 710 1321 744 in
1334 707 1480 744 salutem
1490 733 1498 742 .

213 759 454 811 Qibussibet
473 759 642 796 aerumnis
654 771 876 809 premamur,
889 756 965 794 haec
976 772 1043 794 nos
1055 758 1261 809 redemptio
1275 759 1320 796 ad
1330 758 1433 796 suum
1445 758 1496 795 vs-

212 825 284 862 que
297 810 469 849 effeetutn
483 810 665 849 sustineat·
1427 840 1430 843 .

262 878 279 911 3
333 863 494 901 Studium
506 863 669 900 nostrum
686 873 791 899 acuet
803 860 919 912 ipsum
933 863 982 899 rei
995 861 1153 913 pondus.
1176 875 1244 899 nec
1255 864 1352 900 enirn
1367 862 1497 901 Paulus

43 932 196 974 Lem-35,
213 915 276 953 abs
291 929 329 954 re
341 915 544 957 contendit,
559 915 621 952 nifi
635 915 772 951 mortui
785 912 988 966 resurgant,
1005 927 1126 952 totum
1139 914 1378 966 Euangelium
1391 918 1500 954 inane

41 977 117 1024 b.14
217 973 249 1007 δι’
265 967 376 1006 fallax
390 965 460 1005 effe
471 982 480 1004 ε
493 969 576 1018 quia
589 967 751 1004 miserior
765 963 852 1004 esset
864 968 985 1003 nostra
996 964 1103 1017 quim
1115 967 1272 1004 aliorum
1283 968 1498 1012 mortalium

215 1021 394 1061 conditio,
409 1033 535 1070 vtpote
549 1022 609 1069 qui
620 1019 823 1056 multorum
837 1019 928 1056 odiis
946 1024 978 1056 ὃς
993 1019 1136 1067 probris
1151 1019 1317 1070 expositi,
1330 1021 1364 1056 in
1378 1019 1500 1070 singu?

214 1074 266 1111 las
278 1074 385 1110 horas
400 1071 646 1122 periclitamur
660 1099 668 1115 ‚
681 1068 757 1107 imo
770 1071 889 1108 sumus
903 1072 1004 1120 quasi
1017 1085 1104 1109 oues
1119 1073 1332 1118 mastationi
1343 1071 1500 1118 destina-

216 1139 274 1163 tae.
294 1137 336 1162 ac
348 1123 501 1175 proinde
513 1122 724 1161 concideret
737 1125 811 1161 eius
825 1123 1026 1160 authoritas
1041 1137 1112 1160 non
1126 1125 1241 1161 vnain
1257 1136 1360 1172 parte
1371 1121 1500 1161 dunta-

212 1190 287 1219 xat,
309 1177 367 1214 sed
380 1179 417 1213 in
429 1188 507 1214 tota
519 1177 658 1212 summa
669 1202 678 1218 ,
692 1188 797 1226 quam
813 1180 847 1213 &
860 1174 1012 1225 adoptio
1029 1181 1062 1219 ὃς
1075 1175 1196 1214 salutis
1208 1178 1336 1214 uostrae
1348 1173 1500 1214 effeetus

212 1229 483 1280 complestitur.
504 1233 626 1277 Atque
639 1230 690 1265 ita
710 1230 745 1264 in
758 1240 834 1264 rern
858 1229 1018 1264 maxime
1042 1231 1211 1266 omnium
1235 1229 1364 1265 seriam
1387 1227 1498 1268 fimus

213 1281 347 1320 attenti
372 1293 411 1317 vt
434 1280 534 1317 nulla
558 1280 777 1317 diuturnitas
798 1277 1047 1317 lassitudinem
1069 1279 1208 1317 afferat.
1229 1280 1325 1331 Qo
1345 1278 1498 1317 consilio

213 1336 328 1371 etiam
343 1335 377 1369 in
394 1332 489 1369 hunc
505 1335 625 1369 locum
640 1331 756 1368 distuli
772 1331 871 1381 quod
885 1331 930 1368 de
942 1345 983 1369 ea
994 1332 1158 1370 breuiter
1184 1332 1391 1370 trac‘tidum
1406 1344 1496 1377 erat,

213 1398 248 1424 vt
264 1385 397 1423 discant
415 1385 568 1421 lectores
583 1412 592 1425 ,
607 1384 665 1421 vbi
679 1382 861 1421 Christum
883 1386 1087 1433 receperint
1109 1383 1278 1435 persec'iae
1299 1384 1420 1423 salutis
1433 1397 1499 1421 au-

214 1438 360 1476 thorem
374 1465 383 1480 ,
396 1436 502 1474 altius
516 1433 694 1487 assurgere
706 1463 715 1478 ,
733 1433 916 1486 sciz'tntque
929 1436 1057 1473 caelessi
1074 1437 1354 1474 immortalitate
1368 1441 1401 1472 δε
1414 1437 1499 1486 glo-

211 1493 265 1528 ria
277 1491 440 1527 vestitum
455 1516 464 1530 ‚
482 1502 518 1526 vt
534 1501 652 1530 toturn
677 1501 806 1538 corpus
823 1491 933 1538 capiti
954 1487 1148 1526 conforme
1162 1489 1500 1540 reddatur.Qem-

212 1541 410 1580 admodum
432 1542 539 1578 etiam
563 1542 599 1577 in
614 1542 688 1577 eius
713 1540 865 1590 persona
888 1542 1035 1590 Spiritus
1061 1541 1201 1578 sanctus
1222 1541 1495 1579 resurref’cionis

213 1594 423 1644 exemplum
438 1591 593 1630 subinde
606 1594 792 1642 proponit.
806 1594 879 1629 Res
894 1593 944 1629 est
956 1592 1089 1630 creditu
1104 1590 1258 1635 difficilis
1273 1620 1282 1636 ,
1297 1594 1355 1630 vbi
1370 1605 1492 1642 putre⁴

211 1646 296 1683 dine
308 1643 520 1696 consumpta
533 1644 668 1682 fuerint
683 1637 1005 1694 corpora,tan⁶dem
1021 1645 1085 1681 suo
1099 1658 1267 1695 tempore
1279 1646 1501 1683 resurrectu-

213 1713 253 1738 ra
266 1695 349 1735 effe.
369 1702 496 1749 Itaque
508 1711 623 1748 quum
645 1698 750 1734 multi
767 1711 810 1733 ex
833 1697 1057 1748 philosophis
1068 1694 1277 1741 asseruerint
1301 1699 1498 1733 imm'orta-

211 1751 262 1789 les
279 1747 352 1788 effe
363 1751 634 1791 animas‚carnis
645 1749 861 1787 resurreetio
881 1749 899 1786 ὲ
910 1753 1031 1800 paucis
1043 1751 1199 1799 probata
1211 1748 1329 1786 fuit.in
1344 1763 1418 1799 quo
1434 1748 1496 1792 etsi

210 1803 311 1841 nulla
327 1803 397 1840 fuit
420 1803 625 1844 excusatio,
639 1802 723 1839 inde
745 1814 871 1838 tamen
894 1815 1092 1839 monemur
1105 1816 1183 1839 rem
1205 1796 1278 1840 esse
1298 1803 1415 1853 magis
1437 1813 1496 1838 ar-

209 1854 316 1893 duam
332 1853 438 1906 quim
460 1868 493 1892 vt
506 1853 698 1892 hominum
713 1854 831 1890 sensus
853 1853 898 1891 ad
913 1854 945 1891 se
958 1852 1088 1892 trahat.
1107 1853 1201 1905 Q&
1214 1866 1354 1892 tantum
1368 1854 1494 1899 obsta-

209 1907 333 1947 culum
358 1908 500 1957 superet
512 1904 600 1943 fides
614 1934 623 1950 ‚
641 1906 712 1943 duo
729 1906 949 1944 adminicula
965 1908 1145 1956 Scriptura
1166 1906 1391 1957 suppeditat:
1407 1905 1496 1942 alte-

209 1973 291 1998 rurn
305 1960 405 1997 estin
427 1958 558 1996 Christi
571 1957 807 1996 similitudine
822 1986 830 2001 ,
844 1957 1000 1996 alterum
1016 1956 1103 1995 vero
1125 1960 1160 1995 in
1172 1961 1242 1996 Dei
1257 1960 1500 2008 omnipoten-

43 2019 192 2061 2.C'or.4.
209 2014 272 2050 tia.
294 2016 370 2048 Iam
383 2012 530 2061 quoties
545 2011 588 2047 de
604 2011 870 2049 resurrectione
883 2010 1005 2064 agitur
1017 2037 1026 2053 ,
1038 2023 1203 2048 occurrat
1215 2010 1343 2047 Christi
1357 2012 1495 2064 imago,

41 2079 106 2103 ωε)
208 2066 322 2116 quiin
343 2076 473 2105 natura
496 2062 634 2113 quam&
655 2062 977 2114 nobi's‘sumpserat
997 2063 1042 2099 fic
1062 2065 1207 2117 peregit
1230 2062 1372 2099 cursum
1396 2075 1499 2098 mor-

208 2118 289 2161 talis
303 2120 383 2155 virae
399 2129 433 2153 vt
446 2129 539 2152 nunc
553 2114 869 2153 immortalitatem
885 2114 1037 2164 adeptus
1051 2142 1060 2158 ‚
1075 2115 1116 2152 fit
1128 2115 1236 2152 nobis
1251 2117 1382 2168 pignus
1396 2113 1495 2152 futu-

206 2183 252 2206 rae
264 2169 548 2207 resurrectionis.
574 2170 674 2205 Nam
689 2170 723 2204 in
747 2168 896 2205 miseriis
909 2166 1040 2217 quibus
1063 2166 1273 2204 obfidemur
1297 2167 1495 2203 mortifica-

207 2225 349 2259 tionem
365 2223 437 2259 eius
450 2219 724 2257 circunferimus
734 2221 774 2267 >in
790 2232 897 2256 carne
910 2219 1041 2260 nostra,
1063 2232 1101 2256 vt
1112 2222 1182 2257 vita
1195 2222 1271 2257 eius
1283 2218 1494 2256 manifeste-

151 2276 153 2279 ’
207 2277 309 2312 turin
333 2274 452 2311 nobis.
475 2275 518 2310 Et
530 2273 694 2323 separare
715 2285 798 2310 eum
813 2270 832 2308 a
856 2272 960 2308 nobis
984 2285 1059 2307 non
1081 2271 1188 2315 licet,
1205 2285 1246 2308 ac
1257 2285 1302 2308 ne
1324 2269 1494 2321 poffibile

35 2339 183 2383 1.Cor.152
203 2327 350 2376 quidem
365 2326 413 2362 est
426 2329 511 2374 quin
525 2325 719 2361 laceretur.
738 2324 842 2361 Vnde
856 2323 919 2363 illa
934 2323 1034 2360 Pauli
1048 2326 1291 2365 ratiocinatio,
1308 2325 1340 2361 Si
1354 2323 1493 2360 mortui

32 2386 97 2430 [μη
200 2394 275 2416 non
290 2380 624 2431 resmgunrmeque
638 2376 801 2414 Christus
814 2374 1007 2413 resurrexit
1023 2391 1030 2412 :
1046 2376 1130 2425 quia
1147 2376 1277 2414 scilicet
1289 2369 1492 2413 confessum

198 2431 287 2469 illud
301 2434 521 2482 principium
535 2430 664 2475 sumit,
681 2429 862 2468 Christum
887 2442 962 2466 nou
985 2428 1047 2466 fibi
1061 2430 1236 2479 priuatim
1257 2422 1491 2519 Ἳοὲιίξιὶιίίῖἒ

1293 2495 1314 2520 ιι
1346 2493 1378 2517 ie
1421 2491 1484 2517 um

44 152 124 199 d..19
