1591 2775
232 38 302 76 304
614 27 828 66 Lissar
881 27 1220 78 sEchni

230 91 372 146 delegit
383 119 392 136 ‚
405 103 444 131 vt
456 91 541 131 inde
551 91 652 145 large
664 93 709 131 ad
722 107 790 132 nos
802 93 1014 133 scaturirent
1035 94 1195 133 caelestes
1219 92 1358 133 diuitiae
1373 96 1528 149 quartini

231 143 324 183 adeo
336 143 458 184 sumus
479 147 599 199 egeni.
624 145 747 197 Q'od
766 157 890 185 autem
912 151 948 184 &
975 149 1068 196 regis
1081 148 1132 186 sui
1157 145 1377 186 fortitudine
1398 151 1526 188 inuisti

231 198 328 235 stant
340 196 464 236 fideles
479 202 514 235 &
531 197 733 248 spirituales
747 200 821 236 eius
843 198 979 236 diuitiae
993 201 1029 236 in
1044 213 1107 236 eos
1130 199 1334 237 exuberant
1349 213 1444 237 :non
1457 203 1528 239 ini-'-

233 247 372 288 merito
384 250 552 288 dicuntur
566 249 772 288 Christiani.
786 246 973 289 Caeteriim
988 251 1134 292 huic.de
1146 265 1217 302 qua
1228 250 1375 302 loquuti
1388 252 1526 298 sumus,

60 294 188 327 ”CM-¹
197 302 223 339 5·
234 303 433 341 aeternitati
449 302 702 355 nibilderogat
716 303 815 340 Pauli
829 305 1000 347 semeria,
1013 307 1124 341 Tunc
1139 304 1293 355 regnum
1308 303 1428 341 tradet
1439 307 1527 344 Deo

57 355 135 388 “24
237 359 272 392 δε
287 357 388 405 patri.
406 359 500 392 Item
515 381 525 395 ,
540 355 758 392 Subiici'etur
769 354 880 392 Filius
894 356 982 406 ipse,
996 369 1032 393 vt
1044 357 1084 394 fit
1098 360 1196 393 Deus
1211 359 1337 393 omnia
1349 359 1386 394 in
1399 359 1527 394 omni-

60 390 190 431 Ibidem
233 406 318 444 bus.
337 409 421 457 quia
431 406 517 443 nihil
532 406 633 443 aliud
645 406 719 443 vult
732 433 742 446 ,
756 404 862 456 quam
873 410 909 443 in
922 408 984 445 illa
1009 406 1170 458 perfef'ta
1182 408 1300 459 gloria
1321 422 1394 445 non
1408 409 1524 447 talem

57 441 141 483 ‘'l-28
233 458 318 497 fore
328 461 430 510 regni
452 458 805 496 administrationem
827 458 945 508 qualis
968 473 1064 498 nunc
1085 463 1148 499 est.
1162 462 1277 498 Dedit
1298 463 1395 498 enirn
1415 463 1524 499 Pater

233 525 387 550 omnem
410 512 631 561 potestatem
652 510 743 548 Filio
754 523 793 548 vt
805 525 869 560 per
891 513 968 549 eius
993 525 1140 550 manum
1155 526 1222 551 nos
1236 513 1420 565 gubernet
1433 540 1443 556 ,
1460 512 1525 551 fo·-

233 565 522 606 ueat‚sustentet,
539 562 602 600 sub
615 565 692 600 eius
705 562 825 601 tutela
839 577 906 600 nos
918 576 1090 618 protegat
1102 591 1110 606 ‚
1125 562 1304 616 nobisque
1316 566 1524 604 auxilietur.

232 620 288 654 Ita
298 616 507 667 quantisper
519 613 538 652 ὲ
551 618 636 651 Deo
657 617 932 667 peregrinamur
944 643 954 659 ‚
968 617 1127 654 Christus
1153 617 1344 656 intercedit
1365 617 1521 662 medius,

231 673 375 720 quinos
389 667 566 718 paulatim
579 668 626 704 ad
638 667 790 703 solidam
804 680 886 704 cum
903 669 986 705 Deo
1010 670 1308 707 coniunctionem
1334 669 1522 719 perducat.

229 723 277 760 'Et
289 717 388 758 certe
400 717 501 768 quod
512 716 610 756 sedet
623 717 669 756 ad
682 721 799 756 Patris
809 718 1000 756 dexteram
1016 747 1024 762 ‚
1037 721 1251 758 tantundem
1265 722 1360 759 valet
1373 722 1440 760 acfi
1455 736 1521 760 vo·-

232 786 335 811 cetur
355 775 470 810 Patris
487 771 632 823 legatus
647 799 656 811 ‚
672 785 784 821 penes
799 785 908 821 quem
931 784 1011 809 tota
1025 773 1065 809 fic
1080 775 1223 822 imperii
1243 774 1398 822 potestas
1413 776 1520 825 :quia

230 827 334 863 Deus
349 821 797 873 mediatemitaloquar)
813 824 888 862 vult
899 826 934 860 in
951 828 1027 861 eius
1039 825 1193 875 persona
1206 825 1397 862 Ecclefiam
1412 839 1518 878 rege-

51 883 210 935 Epl„1‚22
229 891 269 915 re
284 876 445 915 ac'tueri.
458 877 571 913 Sicuti
583 877 696 914 etiarn
709 879 969 926 interpretatur
982 877 1112 914 Paulus
1135 881 1253 928 primo
1265 877 1309 914 ad
1331 877 1518 928 Epheiiosf

116 975 119 980 ,
142 974 146 979 .
227 930 389 968 locatum
405 926 512 967 fuiffe
525 928 571 965 ad
586 928 775 966 dexteram
798 931 911 967 Patris
924 956 934 970 ‚
945 941 980 967 vt
993 930 1032 967 fit
1043 929 1207 967 Ecclefiae
1228 941 1336 980 caput
1349 956 1358 972 ‚
1375 942 1454 979 quae
1465 932 1517 968 est

51 973 189 1012 Plnlm„
227 995 360 1034 corpus
374 983 465 1019 eius.
476 983 559 1019 Nec
570 979 643 1018 alib
658 980 778 1018 tendit
789 980 890 1033 quod
901 980 988 1018 alibi
1002 981 1250 1025 docendarum
1262 982 1317 1019 illi
1330 979 1437 1020 fuisse
1448 996 1517 1019 no-

49 1022 104 1067 b.9
225 1048 311 1073 men
326 1033 424 1085 quod
439 1035 487 1071 est
498 1033 605 1083 super
617 1046 729 1070 omne
751 1047 889 1071 nomen
903 1049 911 1070 ε
925 1047 963 1071 vt
974 1036 1010 1071 in
1024 1037 1174 1072 nomine
1198 1033 1277 1072 Iesu
1290 1047 1403 1072 omne
1414 1047 1516 1088 genu

223 1088 416 1128 flectatur,
431 1090 465 1124 δε
479 1087 598 1123 omnis
620 1085 747 1136 lingua
768 1084 988 1125 confiteatur
1012 1087 1112 1138 quod
1136 1087 1178 1123 fir
1200 1089 1236 1123 iri
1259 1086 1419 1140 gloriani
1441 1088 1514 1124 Dei

224 1142 355 1178 Patris.
368 1140 467 1176 Nam
480 1141 521 1175 iis
535 1140 643 1175 etiam
658 1137 772 1175 verbis
793 1139 827 1174 in
851 1137 979 1175 Christi
991 1153 1108 1192 regno
1123 1139 1292 1176 ordinem
1319 1151 1516 1176 commen-

223 1191 286 1230 dat
296 1191 462 1243 praesenti
477 1192 603 1228 nostrae
614 1187 816 1228 infirmitati
832 1187 1138 1229 neceffariuiii.1ta
1150 1187 1248 1228 refte
1263 1191 1408 1244 colligit
1422 1194 1513 1228 Pau-

222 1245 279 1283 lus
291 1272 300 1288 ‚
316 1247 435 1281 Deum
448 1256 512 1293 per
524 1241 558 1280 se
571 1255 656 1280 tunc
668 1241 751 1279 fore
764 1244 906 1281 vnicum
931 1242 1090 1281 Ecclefiae
1106 1255 1217 1293 caput
1230 1269 1240 1284 ‚
1254 1244 1337 1292 quia
1351 1243 1513 1293 impletae

219 1310 329 1335 erunt
341 1295 474 1333 Christi
486 1309 608 1344 partes
632 1297 667 1332 in
682 1294 843 1332 Ecclefiae
867 1293 1093 1333 defenfione.
1107 1297 1243 1332 Eadem
1266 1297 1410 1333 ratione
1433 1295 1513 1345 pas-

221 1350 285 1386 fim
300 1351 476 1399 Scriptura
489 1349 696 1385 Dominum
709 1359 818 1385 vocat
829 1373 839 1388 ‚
854 1350 938 1396 quia
952 1347 1016 1384 hac
1027 1347 1111 1398 lege
1123 1361 1207 1385 eum
1223 1349 1330 1384 nobis
1342 1346 1511 1398 praefecit

45 1413 153 1444 μῦον.
168 1411 199 1444 3,
220 1404 328 1439 Patet
341 1414 377 1438 vt
391 1399 487 1438 suam
500 1400 796 1437 dominationem
812 1412 875 1449 per
889 1413 971 1437 eum
987 1412 1167 1438 exerceat.
1182 1402 1283 1436 Licet
1296 1404 1394 1436 enini
1411 1399 1508 1437 niul-

41 1459 97 1500 b.9
219 1467 256 1492 ta
272 1454 437 1491 dominia
447 1451 680 1490 celebrentur
692 1453 728 1488 in
741 1451 894 1494 mundo,
911 1466 996 1489 vnus
1009 1452 1112 1489 nobis
1128 1455 1224 1489 Deus
1241 1454 1360 1495 Pater,
1377 1464 1420 1489 ex
1431 1463 1510 1502 quo·

75 1503 78 1510 '
219 1508 344 1545 omnia
359 1510 392 1542 δε
408 1519 473 1542 nos
487 1507 521 1541 in
535 1505 612 1554 ipso
627 1519 635 1541 :
653 1509 686 1541 &
703 1516 791 1540 vnus
811 1505 994 1542 Dominus
1017 1503 1182 1542 Christus
1194 1531 1203 1544 ‚
1218 1517 1281 1554 per
1294 1517 1406 1555 quein
1419 1517 1506 1546 om-

217 1562 327 1601 nia‚&
342 1572 409 1594 nos
424 1570 487 1605 per
498 1557 746 1607 ipsum,inquit
758 1557 898 1594 Paulus.
915 1556 1017 1595 Vnde
1030 1558 1099 1594 rite
1114 1556 1300 1608 colligitur
1314 1581 1322 1596 ,
1339 1556 1503 1594 eundem

42 1611 125 1658 lefh-
138 1619 186 1656 33.
216 1609 288 1650 effe
298 1609 415 1661 ipsum
428 1611 632 1658 Deum‚qui
646 1622 708 1660 per
722 1622 764 1645 os
781 1608 898 1646 Iesaiae
911 1605 1054 1646 asseruit
1067 1607 1100 1647 se
1112 1621 1241 1662 regem
1256 1606 1329 1646 effe
1339 1620 1380 1645 ac
1393 1607 1505 1661 legis-

42 1657 125 1698 ἅθλ-
215 1665 371 1703 latorem
395 1661 570 1699 Ecclefiae.
583 1663 679 1699 Nam
693 1660 757 1698 etfi
780 1661 914 1711 vbique
931 1659 1152 1698 beneficium
1177 1665 1210 1698 Sc
1226 1660 1366 1698 donum
1390 1662 1508 1697 Patris

217 1729 324 1755 vocat
339 1713 506 1765 quicquid
521 1713 633 1752 habet
644 1714 832 1764 potestatis
846 1729 854 1750 :
868 1727 942 1750 non
956 1713 1053 1751 aliud
1064 1726 1187 1751 tamen
1205 1711 1379 1766 fignificat
1391 1709 1504 1764 quain

216 1771 252 1807 se
267 1769 438 1806 diuinitus
452 1779 609 1821 regnare
623 1781 630 1803 :
645 1767 730 1815 quia
742 1765 831 1802 ideo
852 1766 1069 1804 Mediatoris
1090 1766 1207 1803 induit
1228 1766 1418 1816 personam
1433 1778 1468 1802 vt
1480 1761 1502 1801 ὲ

218 1822 293 1860 finu
306 1822 415 1871 patris
431 1824 464 1856 ὃ(
479 1817 838 1869 incomprehensibili
861 1817 983 1870 gloria
1003 1817 1196 1858 descedens
1209 1844 1218 1860 ,
1232 1817 1276 1854 ad
1286 1831 1352 1854 nos
1365 1830 1503 1867 appro‹

212 1876 420 1924 pinquaret.
433 1873 528 1924 Qo
541 1872 661 1910 iustius
674 1871 723 1908 est
735 1884 800 1907 nos
817 1884 947 1908 omnes
961 1884 1033 1908 vno
1054 1869 1229 1918 consensu
1242 1869 1287 1907 ad
1298 1869 1502 1920 parendum

209 1927 371 1977 accingi,
386 1922 601 1974 summaque
623 1923 812 1961 alacritate
835 1922 1010 1974 obsequia
1035 1924 1156 1959 nostra
1177 1921 1336 1972 dirigere
1357 1921 1403 1958 ad
1422 1923 1501 1960 eius

207 1992 353 2016 nutum.
365 1980 463 2015 Nam
491 1976 592 2014 sicuti
611 1977 707 2029 regis
731 1979 764 2012 St
788 1976 940 2025 pastoris
959 1973 1079 2013 officia
1104 1975 1291 2026 coniungit
1311 1985 1398 2026 erga
1420 1975 1501 2022 pios

208 2033 271 2082 qui
286 2028 320 2067 se
333 2032 539 2080 morigeros
568 2030 664 2066 vltro
682 2026 959 2066 subiiciuntzita
973 2041 1018 2066 ex
1039 2026 1214 2077 opposito
1236 2025 1401 2075 audimus
1424 2024 1500 2064 sce-

38 2083 167 2130 Issila..
207 2096 328 2133 prtum
343 2081 503 2119 ferreum
515 2082 746 2134 gestare‚quo
758 2079 900 2131 frangat
911 2092 953 2117 ac
964 2092 1129 2117 conterat
1143 2076 1343 2128 praefractos
1354 2091 1499 2122 omnes,

35 2147 89 2177 c.9
207 2136 309 2187 quasi
323 2137 403 2172 vasa
414 2132 714 2187 figuli.Audinius
727 2135 838 2170 etiam
851 2131 1009 2169 iudicem
1021 2130 1101 2169 fore
1114 2132 1350 2172 Gentium‚vt
1362 2142 1499 2168 terram

37 2191 190 2238 I'fii.110.
207 2189 354 2237 operiat
366 2186 660 2225 cadaueribus&
673 2184 910 2222 altitudinem
924 2184 988 2220 fibi
1002 2183 1186 2221 aduersam
1203 2183 1499 2232 prosternat.Cu-
1536 2184 1537 2188 ’

35 2239 95 2278 h.6
203 2243 258 2290 ius
271 2254 324 2277 rei
336 2238 504 2290 quaedam
517 2237 627 2275 hodie
641 2249 839 2274 cernuntur
853 2235 1032 2286 exempla:
1049 2237 1198 2286 plenum
1213 2235 1301 2273 vero
1313 2234 1498 2273 documen

206 2307 285 2332 tum
297 2292 433 2330 extabit
446 2291 577 2327 vltimo
589 2288 737 2327 iudicio.
747 2286 847 2340 quod
860 2290 972 2325 etiam
986 2285 1133 2340 proprie
1153 2289 1289 2325 censeri
1299 2287 1420 2338 potest
1431 2299 1497 2325 ex-

206 2358 347 2384 tremus
362 2347 465 2398 regni
479 2347 552 2379 eius
564 2343 673 2379 aecus.

259 2407 281 2436 6
335 2400 412 2434 Iam
423 2395 467 2432 de
481 2394 685 2432 sacerdotio
697 2393 860 2432 breuiter
871 2393 917 2431 fic
930 2392 1125 2434 haberium,
1138 2391 1248 2430 finem
1260 2397 1291 2430 8<
1303 2393 1402 2430 vsum
1417 2393 1495 2429 eius

205 2448 278 2491 effe
297 2462 335 2489 vt
347 2450 389 2488 fit
400 2447 583 2488 mediator
594 2460 704 2498 purus
717 2449 820 2485 omni
831 2447 975 2486 macula
990 2473 1000 2492 ‚
1017 2448 1081 2499 qui
1092 2445 1280 2485 sanctitate
1292 2443 1354 2485 sua
1369 2446 1494 2534 Deign

1387 2510 1436 2535 no
1466 2509 1494 2533 is

376 2602 391 2616 h.
