1591 2775
65 124 149 171 ΙεΙῖι.
165 134 215 172 53.

64 178 116 214 c.8

67 529 158 564 “·3›4

71 758 219 808 I’fimm.

66 822 116 848 cm

67 1333 217 1372 IobchS.

60 1389 138 1436 fi36

234 53 302 89 30z
619 41 826 84 Lisai
880 19 1234 81 sechnr'

232 108 399 149 Eundem
409 108 522 149 habet
534 105 675 149 sensum
687 111 748 149 illa
761 109 882 152 Iesaiae
893 108 1423 153 exclamati0,Genei-ationem
1437 107 1518 149 eiii‘s'

230 165 311 214 quis
322 163 531 201 enarrabit?
545 159 643 201 Nam
654 164 839 202 Christum
851 165 902 201 ita
916 160 936 200 a
957 176 1076 200 morte
1091 163 1315 213 superstitem
1327 161 1412 199 fore
1425 172 1517 213 pro-

231 215 374 253 nuntiat
387 228 425 253 vt
437 228 521 253 eum
537 218 741 269 coniungat
753 228 831 253 cum
847 212 914 253 suis
927 214 1115 252 membris.
1140 216 1237 267 Ergo
1250 216 1394 263 quoties
1409 214 1521 252 audi-

233 280 314 305 mus
327 269 455 304 armari
465 267 650 305 Christum
673 279 807 305 aeterna
819 267 995 318 potestate
1008 293 1017 310 ‚
1030 270 1305 304 meminerimus
1319 265 1389 303 hoc
1400 267 1517 316 praesi·

237 320 300 357 dio
311 317 429 357 fulciri
443 319 604 356 Ecclefiae
618 322 900 369 perpetuitatem
917 331 975 357 :vt
986 321 1079 356 inter
1093 318 1322 356 turbulentas
1340 319 1518 371 agitatio·

235 385 299 409 nes
314 397 323 415 ‚
335 374 465 421 quibus
479 366 616 409 assidue
630 383 778 408 vexatur
791 399 800 414 ,
814 374 908 409 inter
920 383 1050 423 graues
1075 375 1108 408 δι’
1121 369 1372 408 formidabiles
1394 381 1518 407 motus

235 428 296 474 qui
309 426 517 461 innumeras
531 423 650 460 clades
664 425 861 466 minantur,
875 424 969 460 salua
985 435 1109 460 tamen
1123 434 1281 460 maneat.
1294 424 1350 460 Sic
1365 421 1423 458 vbi
1437 424 1517 459 Da*

208 489 215 498 ·
237 476 298 514 uid
310 475 468 513 hostium
483 475 676 511 audaciam
689 474 780 512 ridet
792 477 855 525 qui
871 477 999 526 iugum
1012 477 1083 512 Dei
1097 480 1129 512 St
1143 473 1271 511 Christi
1282 476 1356 512 eius
1369 473 1518 512 abrum-

236 541 322 580 pere
334 540 522 570 conantur,
541 525 702 577 dicitque
712 540 816 580 reges
829 531 864 564 δε
881 526 1038 577 populos
1052 526 1419 567 frustra'tumultuari‚
1433 527 1518 575 quia

234 580 282 618 ad
294 579 512 633 frangendos
530 592 660 615 eorum
674 580 832 628 impetus
845 578 926 616 satis
948 577 1056 616 fortis
1069 581 1118 616 est
1131 581 1195 628 qui
1208 580 1243 616 in
1258 578 1349 615 caelis
1363 577 1516 615 habitat:

238 632 284 669 de
294 644 466 684 perpetua
478 630 640 668 Ecclefiae
652 629 930 668 conseruatione
941 633 1019 682 pios
1032 632 1205 669 certiores
1221 627 1440 672 redde'ns,ad
1449 629 1518 666 be-

237 697 283 721 ne
297 683 511 735 sperandum
525 685 664 719 animat
684 683 830 732 quoties
844 682 944 719 illam
958 684 1116 732 opprimi
1129 684 1338 737 contigerit.
1359 685 1414 728 Sic
1425 681 1517 719 alibi

236 749 348 789 quum
364 736 449 772 dicit
461 736 497 771 in
510 735 662 785 persona
673 733 855 776 Dei,Sede
867 732 886 771 ὲ
898 733 1034 771 dextris
1046 736 1134 770 meis
1147 760 1156 777 ,
1170 733 1288 771 donec
1300 747 1434 784 ponam
1447 734 1518 770 ini·-

236 792 352 826 niicos
368 800 446 824 tuos
459 787 651 824 scabellum
669 786 803 837 pedum
818 798 965 823 tuorum
984 785 1380 836 :adinonet‚vtcuuque
1392 785 1436 823 ad
1448 800 1518 836 op-

236 838 471 892 pugnandam
485 838 675 876 Ecclefiam
696 839 803 875 multi
820 842 854 875 &
869 839 975 876 validi
998 837 1114 875 hostes
1127 838 1356 888 conspirent,
1372 851 1448 874 non
1459 850 1515 875 ta-

234 906 320 931 men
337 892 525 941 suppetere
544 891 612 928 illis
623 893 713 928 vires
738 889 870 941 quibus
883 890 1049 928 aduersus
1071 889 1258 927 decretum
1274 889 1364 926 illud
1378 891 1517 927 immu-

235 945 352 983 tabile
366 947 438 981 Dei
452 943 685 993 praeualeanr‚
700 956 773 993 quo
785 942 911 981 Filium
926 942 1029 980 suuni
1044 943 1234 980 constituit
1246 954 1422 979 aeternum
1436 944 1517 980 ize-

233 1011 336 1050 gem.
358 996 462 1034 Vnde
475 997 628 1046 sequitur
649 993 728 1033 fieri
741 1009 816 1032 non
836 991 937 1046 posse
950 1007 988 1033 vt
998 993 1178 1032 Diabolus
1197 1006 1278 1031 cum
1293 1006 1376 1030 toto
1388 993 1516 1030 mundi

229 1061 410 1100 ‘apparatu
426 1047 619 1086 Ecclesiam
641 1060 797 1097 vnquam
811 1047 954 1089 deleat,
967 1060 1046 1097 quae
1058 1048 1096 1084 in
1116 1060 1253 1085 aeterno
1274 1045 1404 1083 Christi
1418 1045 1516 1083 solid

233 1101 382 1140 fundata
393 1102 454 1137 est.
466 1104 541 1137 Iam
554 1100 652 1149 quod
666 1099 714 1137 ad
727 1099 916 1150 specialem
928 1101 1100 1150 cuiusque
1114 1098 1212 1138 vsum
1226 1099 1373 1149 specht,
1387 1098 1515 1135 eadem

235 1154 299 1192 illa
311 1153 493 1191 aeternitas
513 1154 550 1188 in
561 1151 659 1202 spem
682 1152 799 1189 beatae
817 1152 1107 1189 immortalitatis
1130 1154 1272 1204 erigere
1294 1164 1360 1187 nos
1387 1148 1512 1188 debet.

233 1205 424 1258 Qicquid
436 1207 530 1241 enim
542 1216 728 1242 terrenum
743 1204 792 1251 est
801 1216 860 1254 atq
868 1217 911 1241 ue
922 1216 965 1241 ex
981 1203 1135 1246 mundo,
1148 1203 1368 1252 temporale,
1383 1199 1463 1238 imo
1475 1215 1515 1239 e-’

234 1263 324 1296 tiam
339 1257 514 1295 caducum
528 1253 598 1293 effe
611 1259 805 1293 cernimus.
824 1269 915 1309 ergo
927 1254 1086 1292 Christus
1110 1268 1146 1292 vt
1158 1255 1307 1305 spemin
1323 1253 1429 1291 caelos
1444 1267 1513 1290 no-

234 1312 342 1348 stram
354 1309 510 1347 attollat,
523 1321 675 1360 regnum
690 1309 792 1345 suum
805 1309 1022 1358 pronuntiat
1035 1321 1108 1344 non
1121 1304 1192 1346 esse
1205 1320 1248 1345 ex
1260 1306 1413 1344 mundo.
1435 1308 1513 1343 De-

235 1364 344 1412 nique
360 1362 420 1398 vbi
440 1360 592 1411 quisque
607 1362 765 1398 nostrum
790 1359 969 1411 spirituale
983 1359 1116 1397 Christi
1133 1372 1287 1411 regnum
1301 1355 1372 1396 effe
1393 1357 1515 1400 audite

233 1415 301 1453 hac
312 1427 402 1452 voce
415 1416 589 1450 excitatus
602 1424 769 1463 penetret
783 1411 827 1448 ad
849 1411 945 1462 spem
960 1410 1121 1448 melioris
1136 1415 1237 1449 vitae:
1253 1416 1285 1448 &
1300 1408 1401 1461 quod
1414 1421 1513 1447 nunc

233 1479 439 1517 protegitur
451 1465 582 1502 Christi
593 1478 704 1502 manu
717 1491 727 1508 ‚
741 1464 890 1514 plenum
904 1464 1011 1502 huius
1030 1465 1156 1515 gratiae
1167 1462 1324 1502 fructum
1338 1464 1373 1499 in
1384 1460 1512 1500 futuro

234 1519 355 1558 seculo
369 1518 548 1568 expeClet.
886 1560 889 1564 ⁵
1547 1517 1555 1524 ‘'

285 1585 310 1617 4
363 1568 483 1621 Qod
496 1569 652 1607 diximus
667 1568 737 1604 vim
752 1573 786 1605 δε
799 1567 992 1606 vtilitatem
1007 1569 1108 1618 regni
1123 1566 1259 1605 Christi
1270 1569 1318 1604 no
1332 1562 1432 1618 poffe
1443 1564 1513 1604 ali-

234 1636 290 1661 ter
303 1621 322 1660 a
332 1624 438 1660 nobis
451 1622 586 1673 percipi
598 1619 704 1672 quam
719 1619 765 1658 dii
778 1620 963 1672 spirituale
978 1619 1049 1659 effe
1061 1619 1316 1671 cognoscimus
1329 1646 1338 1663 ,
1355 1618 1410 1657 vel
1424 1618 1514 1656 hinc

233 1674 314 1713 satis
327 1675 443 1725 liquet
457 1702 466 1718 ‚
478 1673 579 1725 quod
591 1673 676 1710 dum
691 1685 773 1710 toto
787 1675 866 1711 vitae
878 1673 982 1711 cursu
1004 1671 1237 1710 militandum
1248 1671 1313 1710 sub
1325 1684 1430 1709 cruce
1442 1684 1511 1708 no-

231 1728 285 1765 bis
299 1726 486 1778 elhaspera
504 1731 536 1764 δε
548 1724 680 1763 misera
693 1726 740 1762 est
752 1727 872 1763 nostra
889 1725 1044 1763 coditio.
1057 1724 1167 1776 Qid
1179 1726 1292 1776 igitur
1304 1723 1409 1761 nobis
1423 1737 1510 1774 pro-

233 1779 358 1822 deffm,
373 1780 551 1817 concecos
565 1775 634 1816 esse
649 1776 711 1815 sub
724 1780 817 1832 regis
829 1778 971 1815 caelestis
984 1780 1192 1826 imperium,
1206 1777 1270 1813 nisi
1284 1788 1381 1813 extra
1394 1788 1507 1812 terre-

232 1846 287 1870 nae
300 1834 382 1870 vitae
394 1832 525 1869 statum
536 1831 714 1867 constaret
727 1833 803 1868 eius
817 1827 970 1868 fruetus?
980 1829 1138 1880 Ideoque
1151 1828 1333 1865 sciendum
1347 1829 1395 1864 est
1409 1830 1510 1877 quic·

233 1884 319 1935 quid
333 1884 440 1921 nobis
452 1881 650 1920 foelicitatis
665 1883 699 1918 iu
713 1882 853 1919 Christo
865 1884 1184 1933 promittitur‚non
1197 1880 1379 1918 subsistere
1392 1881 1429 1915 in
1444 1891 1509 1915 ομ

235 1939 344 1974 ternis
358 1935 565 1973 commodis
580 1961 588 1977 ,
605 1947 642 1971 vt
655 1934 775 1972 laetam
790 1939 823 1971 &
838 1935 1069 1985 tranquillam
1083 1935 1195 1970 vitam
1207 1931 1507 1984 agamus,florea-

233 2001 314 2026 mus
326 1986 585 2038 opibus,securi
599 1986 706 2022 fimus
719 1988 764 2023 ab
778 1990 878 2023 omni
894 2000 1002 2027 noxa,
1018 1990 1050 2023 δε
1065 1985 1204 2022 deliciis
1217 1982 1406 2021 affluamus
1419 1995 1509 2033 quas

233 2053 403 2091 expetere
418 2040 510 2078 solet
520 2038 682 2077 car0:sed
694 2039 836 2075 caelestis
850 2040 922 2086 vite
938 2035 1009 2075 effe
1021 2038 1321 2088 proprium.Sicut
1331 2046 1456 2072 autem
1469 2037 1507 2071 in

231 2092 372 2130 mundo
387 2092 534 2143 prosper
556 2090 776 2141 &optabilis
798 2092 923 2141 populi
936 2092 1043 2127 status
1066 2090 1197 2138 partim
1210 2088 1397 2125 bonorum
1421 2099 1507 2123 om-

231 2148 330 2183 nium
350 2147 455 2194 copia
479 2149 508 2181 δε
526 2143 723 2180 domestica
744 2155 831 2192 pace
844 2170 853 2185 ,
866 2144 997 2193 partim
1016 2140 1136 2178 validis
1161 2139 1322 2189 praefidiis
1343 2143 1508 2176 contine-

217 2211 308 2240 ¹tur,
324 2197 453 2247 quibus
467 2209 563 2233 tutus
576 2196 616 2232 fit
637 2207 762 2231 contra
777 2207 962 2231 externam
984 2194 1191 2230 violentiam
1211 2195 1279 2229 :ita
1295 2196 1326 2228 δε
1344 2190 1508 2228 Christus

231 2252 312 2288 suos
325 2248 495 2286 omnibus
519 2248 746 2285 adaeternani
773 2249 974 2283 animarum
998 2247 1151 2283 salutem
1177 2238 1376 2281 necessariis
1400 2244 1507 2280 locu-

230 2303 356 2353 pletat‚
371 2304 403 2337 &
420 2305 550 2337 virtute
562 2300 677 2336 munit
690 2311 762 2348 qua
774 2300 864 2335 stent
876 2296 1173 2349 inexpugnabiles
1185 2309 1312 2333 contra
1323 2295 1506 2345 quossibet

231 2354 386 2391 hostium
400 2351 637 2403 spiritualium
648 2352 815 2400 impetus.
840 2351 943 2386 Vnde
954 2352 1160 2402 colligimus
1175 2348 1289 2398 ipsum
1305 2348 1409 2384 nobis
1423 2358 1506 2382 ma-

230 2410 284 2452 gis
300 2418 452 2457 regnare
465 2402 570 2455 quam
583 2404 668 2444 fibi,
682 2402 793 2453 idque
805 2406 901 2440 intus
928 2407 960 2439 ὃ(
978 2415 1077 2439 extra
1094 2402 1297 2438 :vtscilicet
1310 2400 1415 2437 donis
1427 2399 1506 2447 Spi-

228 2452 318 2497 {itus
332 2485 340 2503 ‚
355 2458 487 2509 quibus
505 2456 719 2495 naturaliter
741 2457 840 2494 vacui
852 2458 972 2493 suiuus
986 2480 995 2497 ,
1013 2466 1187 2504 quatenus
1209 2453 1378 2503 expedire
1398 2453 1504 2487 nouit

1389 2506 1504 2546 Deus,
