1591 2775
244 44 316 91 ’σφε
622 46 838 83 mant
891 44 1192 100 Qvanrr

248 110 398 166 quinon
409 104 530 148 minus
541 122 731 162 perperam
743 124 789 150 eo
801 111 1060 149 abutebantur.

306 176 331 208 4
383 162 436 199 En
452 162 617 213 praeclara
629 165 772 201 vocatio
785 191 795 207 ‚
809 165 910 201 cuius
923 161 1024 200 causa
1044 160 1210 213 Episcopi
1224 162 1449 213 Apostolorii
1461 163 1542 208 sues

250 211 410 253 ceffores
424 214 457 253 se
471 210 542 251 esse
560 216 704 253 iactant.
728 215 963 267 Presbyteros
984 228 1110 252 autem
1122 214 1270 254 creandi
1292 218 1347 253 ius
1368 216 1432 254 fibi
1456 216 1543 261 solis

253 279 469 317 competere
483 266 614 305 dicunt⁴
638 265 704 313 Sed
716 269 752 304 in
773 268 843 305 hoc
865 264 1015 317 pessime
1032 279 1272 317 corrumpunt
1285 269 1542 306 vetusinstitu-

253 331 337 357 turn
349 344 360 362 ‚
373 317 474 368 quod
486 332 560 356 non
581 319 822 371 Presbyteros
835 319 895 357 sua
907 319 1138 359 ordinatione
1150 331 1276 358 creant
1288 323 1349 370 qui
1362 320 1543 371 populum

255 383 383 424 regant
394 383 435 408 ac
450 369 610 421 pascant,
626 370 685 409 sed
699 371 912 409 Sacerdotes
924 371 986 420 qui
997 369 1197 409 sacrificent
1213 399 1222 413 ,
1238 371 1415 410 Similiter
1427 385 1543 424 quum
1583 390 1584 395 ¹

256 425 444 460 Diaconos
457 423 668 460 consecrant
681 450 694 466 ,
706 423 795 460 nihil
810 435 923 474 agunt
933 423 978 460 de
994 435 1079 461 vero
1092 435 1134 461 ac
1145 436 1296 475 proprio
1309 423 1471 475 ipsoram
1482 424 1544 470 of-

133 519 139 526 ,
256 473 356 513 ficio:
373 473 431 511 sed
442 474 486 511 ad
497 487 608 512 certas
625 473 736 512 modo
748 477 977 512 ceremonias
989 477 1084 513 circa
1097 475 1244 512 calicem
1262 481 1296 514 8(
1309 477 1470 527 patinam
1481 489 1547 516 or-

88 519 242 569 Dfiiffl·
257 526 396 565 dinam.
409 529 459 564 At
471 529 507 563 in
520 526 670 577 Synodo
683 526 972 564 Chalcedonenii
985 525 1112 564 contra
1124 527 1296 566 sancitum
1310 529 1359 565 est
1374 555 1383 571 ,
1397 542 1440 566 ne
1452 527 1546 569 fiant

87 583 238 629 stup-1
257 579 432 617 absoluta:
444 577 694 616 ordinationes
705 606 714 620 ‚
730 578 801 615 hoc
814 580 864 616 est
876 605 886 621 ‚
898 580 988 628 quin
998 579 1099 617 locus
1116 579 1219 618 fimul
1233 577 1432 634 affignetur
1443 579 1545 617 ordi-

258 632 353 671 natis
367 629 428 667 vbi
444 643 573 668 munus
597 631 700 668 suum
713 642 924 668 exerceant.
945 631 1030 668 Hoc
1045 631 1232 669 decretum
1246 631 1380 683 duplici
1393 634 1546 671 nomine

258 679 486 721 vtilissimum
500 683 550 719 est
561 709 570 725 ,
586 685 646 720 Ne
660 695 860 720 onerentur
874 682 1036 720 Ecclefiae
1058 682 1283 734 superuacuo
1296 684 1495 735 sumptm&
1507 687 1547 723 in
1584 725 1585 729 ,

258 735 432 773 homines
443 732 584 772 otiosos
599 734 799 785 expedatur
809 734 908 786 quod
921 736 1063 786 erogari
1076 735 1294 786 pauperibus
1304 737 1547 775 debet.Dein-

261 787 310 837 de
320 798 357 824 vt
368 788 390 822 ii
403 788 464 835 qui
474 786 697 824 ordinantur
708 814 718 829 ,
731 788 901 840 cogitent
914 800 986 823 non
1010 788 1045 823 se
1057 786 1103 824 ad
1121 786 1304 826 honorem
1316 791 1543 838 promoueri,

262 838 325 877 sed
336 850 466 876 munus
478 839 541 876 sibi
561 838 726 876 mandari
739 837 783 875 ad
793 838 893 889 quod
908 837 1119 877 obeundum
1135 838 1273 876 solenni
1286 838 1546 879 testificatione

259 885 484 941 obligentur.
506 895 555 927 At
569 892 825 929 Romanenses
847 892 1008 943 magistri
1021 894 1037 940 (
1050 891 1112 941 qui
1124 890 1213 928 nihil
1229 893 1266 928 in
1290 890 1474 945 religione
1484 905 1551 931 cu-

259 944 416 981 randum
432 955 560 992 putant
584 956 713 993 praeter
736 945 927 990 ventrem)
944 941 1062 994 primo
1084 943 1233 981 titulum
1255 944 1547 992 interpretantur

260 994 416 1033 reditum
431 996 491 1045 qni
502 995 548 1033 ad
559 996 770 1033 alimoniam
785 993 956 1034 sufficiat:
970 995 1043 1034 fine
1055 1008 1098 1033 ex
1113 997 1336 1046 patrimonio
1348 996 1403 1039 sit,
1417 996 1490 1034 fine
1502 1009 1548 1044 ex
1584 1009 1586 1017 ⁸

241 1083 249 1087 Ι
260 1045 476 1087 sacerdotio.
501 1051 629 1097 Itaque
642 1061 756 1096 quum
781 1049 989 1086 Diaconum
1003 1047 1059 1086 vel
1080 1047 1342 1100 Presbyterum
1361 1048 1544 1092 ordinant.
1584 1063 1586 1067 ’

262 1099 355 1138 nihil
371 1097 504 1136 soliciti
524 1099 584 1137 vbi
597 1099 758 1137 debeant
779 1102 983 1138 ministrare
994 1127 1004 1144 ,
1018 1099 1188 1138 ordinem
1201 1099 1271 1137 illis
1285 1098 1504 1144 conferunt,
1518 1100 1546 1140 fi

259 1149 377 1189 mode»
394 1152 470 1189 satis
484 1150 626 1190 diuites,
639 1153 707 1189 {int
720 1151 765 1190 ad
779 1151 813 1189 se
825 1152 994 1190 alendos.
1016 1149 1153 1190 Verum
1166 1157 1248 1202 quis
1270 1151 1461 1191 hominum
1474 1151 1549 1193 hoc

259 1200 471 1252 recipiat‚vt
484 1204 608 1241 titulus
621 1217 731 1255 quem
747 1206 897 1254 requirit
907 1204 1027 1242 c6cilii
1037 1204 1235 1247 decretum,
1251 1203 1291 1242 fit
1302 1217 1442 1243 annuus
1453 1218 1546 1254 pro-

260 1267 394 1293 uentus
407 1255 453 1292 ad
476 1255 804 1294 alimoniam?lam
816 1254 904 1294 vero
925 1258 1010 1307 quia
1023 1257 1251 1294 recentiores
1272 1257 1448 1294 Canones
1463 1257 1546 1307 Epi·
1584 1285 1585 1307 3

258 1306 389 1358 stopos
404 1306 628 1347 damnabant
646 1321 775 1346 eorum
789 1307 967 1347 alimonia
980 1336 990 1352 ,
1003 1322 1097 1360 quos
1108 1308 1179 1345 fine
1201 1307 1340 1346 idoneo
1352 1310 1461 1347 titulo
1484 1323 1548 1346 or·
1584 1318 1586 1356 ξ

255 1354 451 1403 «finxissent,
466 1358 541 1410 quo
554 1360 600 1397 sic
611 1363 855 1411 reprimerent
868 1362 1017 1398 nimiam
1030 1373 1160 1398 eorum
1174 1358 1388 1399 facilitatem
1405 1389 1415 1404 ,
1429 1363 1544 1399 etiam
1584 1359 1588 1400 l

257 1413 382 1451 cautio
393 1417 599 1464 excogitata
612 1413 662 1450 est
675 1425 747 1459 qua
769 1412 960 1450 eluderent
972 1425 1136 1462 poenam.
1158 1414 1256 1450 Nam
1267 1415 1330 1464 qui
1342 1412 1543 1457 ordinatur,
1584 1415 1585 1456 ἶ

260 1465 458 1502 nominato
470 1464 714 1515 qualicunque
724 1466 749 1502 ti
758 1464 836 1503 tulo
848 1467 1033 1514 promittit
1046 1478 1092 1502 eo
1105 1465 1140 1502 se
1150 1463 1230 1502 fore
1242 1476 1469 1503 contentum.
1489 1467 1543 1503 Eo
1583 1463 1585 1508 ζ

260 1516 370 1566 pacto
381 1515 425 1553 ab
446 1517 708 1554 alimentorum
726 1518 872 1555 actione
894 1516 1104 1567 depellitur.
1132 1518 1261 1553 Taceo
1275 1515 1377 1554 mille
1398 1515 1544 1557 fraudes
1583 1529 1585 1535 ’

261 1581 342 1619 quae
363 1566 421 1605 hic
443 1567 546 1606 fiunt.
570 1581 607 1606 vt
619 1582 730 1618 quum
752 1569 814 1606 alii
835 1572 960 1606 inanes
981 1567 1271 1606 sacerdotiorum
1295 1569 1421 1606 titulos
1441 1582 1546 1607 meu·
1583 1538 1585 1611 l

262 1622 399 1658 ciuntur
411 1647 421 1664 ‚
438 1620 530 1658 vnde
557 1623 718 1671 quinque
737 1618 826 1658 asses
847 1623 1035 1659 annuatim
1055 1619 1236 1658 conficere
1258 1633 1456 1670 nequeant.
1477 1620 1543 1659 alii
1583 1625 1584 1663 Ξ

261 1671 324 1711 sub
335 1685 466 1710 arcana
479 1673 711 1722 stipulatione
725 1673 928 1710 sacerdotia
943 1670 1183 1710 commodato
1194 1674 1374 1722 accipiunt
1384 1686 1462 1724 quae
1474 1673 1544 1711 sta-

258 1725 327 1761 tim
339 1723 541 1763 reddituros
556 1724 589 1763 se
601 1725 900 1776 pollicentur,led
910 1725 1094 1764 interdum
1106 1738 1184 1762 non
1193 1723 1407 1763 reddunrAEr
1418 1726 1490 1764 alia
1504 1739 1544 1764 e-

257 1777 312 1818 ius
323 1779 467 1830 generis
481 1780 665 1829 mysteria.

311 1842 327 1877 5
376 1830 514 1866 Verum
528 1831 663 1868 etiamli
677 1829 728 1867 illi
739 1828 869 1867 abusus
882 1828 1068 1868 crassiores
1080 1828 1436 1873 tollerentur-‚annon
1449 1827 1542 1868 illud
1583 1857 1584 1860 =

257 1879 399 1931 semper
411 1881 606 1920 absurdum
620 1883 940 1932 estfflresbyterum
954 1883 1174 1920 constituere
1184 1883 1241 1920 cui
1261 1881 1383 1920 locum
1399 1882 1541 1920 nullum

256 1931 428 1987 affignes?
443 1936 628 1971 neminem
641 1937 739 1971 enim
753 1935 925 1974 ordinant
939 1935 1000 1972 nisi
1012 1936 1056 1971 ad
1069 1932 1352 1972 sacrificandum.
1365 1937 1476 1983 Atqui
1487 1934 1542 1972 le-

255 1986 388 2038 gitima
400 1986 605 2038 Presbyteri
620 1986 802 2025 ordinatio
819 1986 929 2030 est‚ad
944 1985 1103 2025 Ecclefiae
1116 1986 1540 2037 gubernationeni:Dia‚-

257 2036 407 2078 coni,ad
419 2038 665 2088 eleemosynae
677 2040 973 2088 procurationem
988 2037 1257 2076 vocari.Multis
1270 2037 1417 2089 quidem
1431 2051 1538 2089 pom·
1582 2072 1583 2081 ,

254 2091 312 2139 pis
326 2089 546 2128 adumbrant
558 2091 591 2127 id
603 2091 700 2140 qnod
711 2103 835 2144 agunt:
850 2089 921 2141 qno
938 2090 1136 2142 specieipsa
1148 2092 1422 2131 venerationem
1436 2089 1535 2141 apud
1582 2124 1583 2127 ,

254 2141 432 2192 {implices
447 2141 660 2180 habeatsed
672 2143 770 2192 apud
782 2144 887 2180 sanos
900 2142 986 2193 quid
997 2142 1115 2180 valere
1130 2139 1278 2193 possunt
1290 2144 1351 2190 iste
1365 2142 1536 2184 laruae‚v-

250 2193 291 2231 bi
303 2192 393 2231 nihil
407 2193 510 2232 solidi
523 2208 587 2232 aut
603 2198 675 2231 veri
693 2193 823 2232 subest?
837 2197 935 2232 Nam
948 2196 1173 2232 ceremonias
1187 2193 1336 2232 adhibet
1351 2195 1405 2232 vel
1417 2207 1462 2232 ex
1475 2199 1538 2233 Iu-
1585 2218 1588 2237 η,

248 2243 386 2287 claismo
401 2247 586 2284 accersitas
598 2273 607 2289 ,
621 2248 735 2284 velex
758 2247 875 2297 seipsis
887 2245 1058 2284 consistas
1073 2262 1082 2284 ε
1095 2246 1220 2297 quibus
1235 2246 1411 2284 abstinere
1425 2248 1532 2285 satiue

246 2294 425 2342 foret.De
438 2312 524 2337 vero
535 2304 656 2338 autem
670 2300 840 2336 examine
855 2298 1037 2348 (vmbram
1049 2301 1148 2336 enim
1163 2299 1266 2336 illam
1277 2311 1387 2348 quam
1400 2301 1536 2338 retinet
1586 2308 1588 2338 ζ

243 2348 337 2387 nihil
350 2351 506 2398 moror)
519 2352 563 2390 de
573 2350 702 2402 populi
715 2351 890 2388 consensu
902 2378 911 2394 ,
929 2350 972 2388 de
982 2351 1062 2388 aliis
1079 2351 1185 2389 rebus
1199 2348 1398 2389 necessariis
1413 2377 1422 2394 ,
1437 2351 1534 2388 nulla
1587 2366 1591 2394 ε

237 2403 396 2440 mentio.
413 2403 592 2440 Vmbram
607 2416 699 2441 voco
713 2403 880 2441 ridiculas
895 2403 973 2441 illas
988 2404 1279 2457 gesticulationes
1291 2431 1300 2447 ,
1313 2402 1355 2440 ad
1367 2404 1532 2453 ineptam
1588 2427 1591 2455 ¹.

236 2465 280 2490 ac
294 2454 465 2508 frigidam
480 2457 668 2495 vetustatis
679 2457 928 2494 imitationem
942 2456 1172 2507 compelitas.
1196 2455 1348 2494 Habent
1365 2454 1530 2544 Ερίϊῗορί
1584 2476 1590 2512 ·3

1462 2520 1526 2546 uos
