1591 2775
240 7 312 58 322}
652 11 868 52 LIBRI
919 12 1233 64 QjJARTt

240 78 339 117 ritati
352 75 447 115 adeo
462 89 596 130 apertae
605 92 647 118 ac
658 79 826 120 dilucidae
840 81 1119 122 oblutstaretu'r?
1134 87 1216 124 Nec
1227 99 1287 124 me
1298 85 1389 126 latet
1399 87 1537 140 quibu}

242 130 430 183 praestigiis
441 129 535 169 hanc
546 129 645 170 suam
658 131 823 172 fraudem
846 143 1046 186 praetexere
1058 136 1175 175 soleat
1187 150 1291 188 pater
1305 139 1372 178 ille
1384 141 1539 179 menda-

242 185 383 227 cii‚non
400 184 494 221 varia
506 183 579 222 effe
592 198 659 223 nec
672 185 808 225 diuersa
820 186 994 228 sacrificia
1007 216 1017 231 ,
1031 188 1089 227 sed
1104 204 1214 229 vnum
1226 189 1322 231 idem
1336 192 1462 242 saepius
1477 201 1538 232 re·-

242 236 332 286 peti.
352 234 491 273 Verum
505 236 593 274 tales
606 237 698 276 fumi
712 238 813 278 nullo
826 243 983 293 negotio
995 240 1248 281 discutiuntur.
1273 256 1357 282 tota
1370 247 1468 283 enim
1482 245 1541 283 di-

245 289 455 338 sputatione
468 289 656 328 contendit
677 291 873 341 Apostolus
885 307 962 331 non
984 293 1103 333 modo
1118 295 1218 333 nulla
1229 294 1304 332 alia
1315 292 1386 335 effe
1401 295 1540 335 sacrifi-

246 339 384 383 cia,sed
396 353 504 378 vnum
518 342 609 380 illud
624 342 733 381 semel
746 343 916 384 oblatum
930 343 1050 389 fuisse,
1063 359 1130 384 nec
1141 344 1297 398 amplius
1311 349 1539 389 iterandum:

246 392 460 430 Subtiliores
483 394 686 433 occultiore
696 399 897 435 etiamnum
912 400 1004 436 rima
1026 396 1210 450 effugiunt
1223 426 1233 440 ‚
1258 414 1333 437 non
1347 403 1542 452 repetitio-

243 458 326 482 nem
340 439 411 483 effe
423 473 433 489 ,
447 444 823 497 sedapplicationem.
839 450 906 487 Sed
921 450 1034 488 nihilo
1047 452 1221 490 difficilius
1234 451 1306 490 hoc
1317 466 1465 504 quoque
1477 454 1540 492 so-

240 496 305 549 phi
312 497 384 536 sma
395 497 742 550 confutatur.neque
755 503 854 539 enim
870 501 936 540 hac
947 503 1032 556 lege
1045 503 1079 542 se
1089 504 1227 543 obtulit
1240 506 1347 543 semel
1361 505 1539 550 Christus,

244 562 284 587 vt
298 551 403 588 nouis
418 551 587 599 quotidie
607 551 859 592 oblationibus
883 568 996 593 ratum
1011 554 1116 594 fieret
1132 559 1231 595 suum
1244 556 1542 598 sacrificiumve·

246 599 326 640 rum
341 614 378 640 vt
399 603 597 655 Euangelii‘
613 605 870 655 praedicatione
890 621 931 645 ac
947 608 1052 645 sacrae
1079 610 1204 648 Coenae
1223 609 1541 650 administratione

246 654 385 693 fruetus
399 657 475 693 eius
491 656 600 694 nobis
614 660 921 697 communicetur.
942 662 997 697 Sic
1012 661 1144 699 Paulus
1165 660 1250 700 dicit
1270 662 1454 702 Christum
1472 665 1544 701 Pa-

250 706 331 747 scha
344 708 507 745 nostrum
520 709 759 748 immolatum
772 708 899 750 esseae
911 726 976 749 nos
988 707 1125 760 epulari
1138 709 1405 764 iubet.Haec(in
1431 715 1538 769 uam)

248 761 342 799 ratio
355 760 405 798 est
417 773 487 810 qua
498 761 605 798 nobis
617 763 686 799 rite
706 763 909 814 applicatur
922 767 1035 802 crucis
1058 763 1271 803 sacrificium
1284 793 1295 809 ,
1317 765 1412 806 d'un'i'
1442 764 1542 817 {ien-

248 813 335 852 dum
348 812 455 850 nobis
468 815 821 858 communicatur,&
837 830 904 854 nos
916 829 1001 854 vera
1015 815 1089 855 fide
1101 821 1309 869 recipimus.

299 878 325 912 4
352 864 422 902 Sed
433 867 718 917 operaepretium
735 870 786 905 est
798 869 926 907 audire
938 881 1013 920 quo
1026 882 1201 920 praeterea
1221 869 1439 909 fundame'to
1455 872 1542 909 mis-

83 933 222 971 Matacb
248 918 374 956 sarium
395 916 610 956 sacrificium
628 919 795 958 fulciant.
819 923 918 960 Nam
941 921 1012 959 huc
1032 920 1222 961 Malachiae
1241 924 1454 962 vaticinium
1467 935 1547 961 tra-

84 980 169 1022 tui}
225 964 364 1013 'hunt,
387 982 462 1020 quo
475 971 672 1020 pollicetur
694 975 878 1012 Dominus
900 972 1065 1013 futurum
1081 977 1310 1014 vtincensum
1330 989 1395 1026 per
1407 975 1542 1014 orbem

248 1023 452 1061 vniuersum
466 1020 645 1062 offeratur
657 1028 797 1063 nomini
808 1027 873 1064 suo
885 1053 895 1068 ,
918 1031 952 1064 &
967 1027 1113 1065 oblatio
1133 1026 1271 1065 munda
1293 1056 1301 1065 .
1313 1027 1434 1081 Qafi
1448 1027 1542 1066 vero

192 1092 196 1096 ·
250 1089 387 1114 nouum
405 1075 448 1111 fit
459 1088 522 1114 aut
534 1077 721 1115 insolitum
739 1077 947 1130 Prophetis,
963 1092 1075 1130 quum
1090 1079 1135 1117 de
1149 1082 1327 1118 Gentium
1341 1081 1543 1129 vocatione

248 1128 450 1178 loquuntur
462 1154 471 1170 ‚
487 1127 708 1180 spiritualem
721 1132 792 1169 Dei
804 1132 940 1170 cultum
954 1158 963 1173 ,
977 1131 1020 1168 ad
1034 1145 1143 1181 quem
1155 1131 1234 1170 illas
1247 1132 1442 1171 hortantur
1454 1158 1465 1173 2
1478 1146 1547 1171 ex·-

250 1184 359 1219 t‘etno
381 1182 485 1233 Legis
496 1184 571 1219 ritu
581 1180 780 1233 designare.
802 1182 876 1234 quo
889 1181 1106 1223 familiarius
1120 1184 1230 1222 seculi
1254 1185 1306 1223 sui
1326 1184 1545 1224 hominibus

249 1232 451 1270 indicarent
463 1236 499 1270 in
510 1247 630 1271 veram
642 1235 832 1290 religionis
847 1237 1056 1274 societatem
1072 1233 1146 1276 effe
1159 1237 1352 1275 vocandas.
1366 1236 1543 1289 Qaliter

251 1288 363 1324 etiarn
374 1287 411 1323 in
423 1286 626 1324 vniuersum
639 1301 760 1326 rerum
772 1289 963 1326 veritatem
977 1316 986 1331 ‚
1008 1302 1087 1340 quae
1099 1302 1165 1340 per
1177 1289 1421 1344 Euangelium
1439 1289 1545 1327 exhi-

249 1338 325 1376 bita
337 1336 532 1381 fuit‚aetatis
545 1340 613 1377 suae
627 1342 723 1391 typis
740 1338 944 1379 describere
956 1339 1055 1379 solen
1062 1344 1144 1379 t.Sic
1155 1355 1222 1392 pro
1234 1340 1478 1380 conuerfione
1495 1340 1542 1379 ad

80 1399 235 1451 helas,
251 1390 706 1432 Dominum‚ascensun1in
721 1392 931 1431 Ierusalem:
946 1407 1010 1442 pro
1025 1395 1096 1431 Dei
1111 1394 1540 1436 adoratione‚munerum

85 1455 128 1489 28
249 1456 361 1481 omne
372 1456 488 1493 genus
501 1443 734 1482 oblationem
747 1459 755 1482 :
768 1458 836 1496 pro
848 1445 1028 1495 ampliore
1042 1447 1116 1484 eius
1134 1447 1354 1495 notitia.qua
1370 1447 1411 1483 in
1422 1459 1544 1497 regno

249 1496 380 1533 Christi
402 1493 528 1534 fideles
541 1495 701 1534 donandi
715 1509 818 1535 erant
830 1524 841 1540 ‚
865 1496 1006 1535 somnia
1020 1502 1052 1534 &
1068 1497 1222 1535 visiones
1235 1509 1392 1547 ponunt.
1423 1497 1546 1550 Qod

83 1536 236 1589 les-¹9³1·
250 1561 338 1602 ergo
350 1550 478 1590 citant,
495 1548 597 1586 alteri
613 1551 735 1587 lesaiae
749 1551 925 1587 vaticinio
938 1549 1056 1587 fimile
1069 1551 1134 1592 ess,
1149 1549 1205 1587 vbi
1219 1548 1404 1600 Propheta
1420 1549 1464 1587 de
1479 1551 1544 1587 tri-

84 1604 238 1639 2123-24
250 1600 316 1637 bus
328 1600 499 1638 altaribus
512 1603 547 1638 in
563 1599 887 1656 Assyria,AEgypto
904 1606 937 1639 &t
954 1601 1071 1640 ludaea
1083 1602 1265 1652 erigendis
1276 1601 1450 1652 praedicir.
1470 1604 1546 1640 Pri-

248 1650 350 1690 mum
375 1656 476 1689 enim
514 1667 638 1703 quatro
665 1667 787 1692 annon
820 1656 925 1692 huius
945 1654 1146 1704 prophetiae
1167 1654 1485 1704 complementum
1507 1655 1547 1692 in

247 1718 363 1758 regno
377 1704 509 1743 Christi
520 1704 592 1744 effe
605 1706 821 1746 concedant.
836 1707 982 1744 Deinde
994 1707 1053 1744 vbi
1064 1707 1131 1745 fint
1142 1719 1212 1744 arae
1225 1706 1308 1749 illae,
1322 1719 1384 1744 aut
1396 1705 1547 1757 quando

248 1771 408 1810 vnquam
424 1758 489 1796 {int
502 1759 643 1797 ererstae.
660 1758 804 1802 Tertio,
818 1772 905 1797 num
920 1760 1126 1798 existiment
1141 1759 1287 1812 fingulis
1302 1759 1422 1812 regnis
1435 1758 1544 1795 desti-

249 1813 327 1850 nati
341 1810 476 1863 fingula
490 1812 627 1862 templa
640 1838 650 1854 ‚
680 1813 788 1863 quale
800 1811 890 1850 illud
904 1811 1289 1862 Hierosolymitanum
1301 1809 1384 1849 fuit.
1413 1811 1503 1848 Haec
1516 1810 1544 1848 ss

249 1867 482 1918 perpendunt
497 1890 506 1907 ‚
518 1864 730 1903 fatebuntur
742 1893 753 1909 ‚
769 1867 904 1915 opinor
916 1891 925 1907 ‚
939 1863 1163 1915 Prophetam
1179 1863 1241 1903 sub
1255 1865 1350 1915 typis
1363 1866 1461 1901 aetati
1473 1861 1545 1901 suae

249 1916 602 1968 congruentibus‚de
615 1917 789 1967 spirituali
803 1919 876 1955 Dei
890 1917 988 1955 cultu
1000 1919 1037 1953 in
1050 1928 1172 1955 totum
1185 1915 1316 1954 orbem
1331 1927 1549 1968 propagan-

249 1968 297 2008 do
311 1969 641 2023 vaticinariQam
653 1984 720 2007 nos
733 1970 801 2008 illis
816 1970 1038 2007 solutionem
1051 1969 1195 2007 damus.
1210 1968 1328 2006 Huius
1344 1980 1472 2006 tamen
1484 1969 1538 2005 rei

249 2024 334 2072 quia
351 2019 477 2072 paffim
491 2023 602 2060 obuia
625 2023 792 2074 exempla
804 2033 996 2060 occurrunt
1013 2048 1023 2065 ,
1045 2035 1119 2059 non
1132 2034 1197 2059 ero
1209 2022 1245 2057 in
1259 2022 1542 2057 enumeratione

249 2074 411 2128 longiori
427 2073 599 2112 solicitus.
619 2075 848 2128 Qanquam
861 2077 896 2111 in
912 2074 981 2112 hoc
992 2086 1139 2124 quoque
1152 2069 1284 2109 misere
1307 2070 1539 2109 hallucinan-

252 2139 309 2165 tur
323 2154 331 2168 ‚
347 2125 448 2178 quod
462 2126 602 2163 nullum
615 2128 815 2178 agnoscunt
828 2125 1041 2164 sacrificium
1056 2126 1119 2163 nifi
1133 2121 1335 2162 Miss‘arium
1348 2137 1479 2175 :quum
1494 2136 1535 2161 re

250 2192 337 2218 vera
350 2192 443 2217 nunc
455 2176 652 2216 sacrificent
674 2182 842 2218 Domino
859 2177 983 2217 fideles
997 2204 1008 2221 .
1025 2183 1059 2219 δι
1072 2176 1243 2216 mundam
1258 2175 1417 2215 offerant
1430 2175 1538 2213 obla-

248 2231 456 2272 tionem.de
469 2244 538 2282 qua
553 2244 639 2268 mox
653 2232 808 2270 dicetur.
1463 2232 1465 2234 ’

301 2298 318 2333 ς
372 2286 483 2323 Nunc
495 2281 674 2322 descendo
685 2283 728 2322 ad
740 2285 862 2323 tertias
871 2279 994 2322 -Missae
1003 2295 1135 2334 partes,
1148 2279 1206 2319 vbi
1219 2278 1474 2332 explicandum
1486 2280 1539 2340 eil·

248 2337 447 2390 quomodo
459 2349 578 2375 veram
593 2340 625 2373 &
642 2350 749 2374 vnam
763 2349 924 2375 mortem
937 2335 1074 2373 Christi
1085 2335 1260 2373 obliteret
1273 2360 1283 2376 ,
1306 2337 1340 2371 Bt
1357 2346 1401 2371 ex
1413 2332 1538 2370 homi-

250 2405 336 2429 num
348 2391 528 2428 memoria
539 2391 711 2439 excutiat2
735 2391 831 2428 Nam
846 2401 884 2426 vt
895 2391 990 2426 inter
1001 2388 1170 2425 homines
1182 2386 1389 2424 testamenti
1402 2382 1536 2423 conflr-

249 2446 363 2482 matio
380 2442 396 2481 ὲ
411 2454 532 2480 morte
548 2443 725 2481 testatoris
739 2441 877 2495 pendet
892 2456 901 2479 :
916 2443 967 2480 ita
979 2442 1090 2482 etiam
1102 2440 1532 2488 testamentum-qucum

1128 2509 1130 2511 ·
1411 2501 1545 2542 pecca-

83 680 111 721 ι’.
127 688 233 737 σοις.
