1591 2775
65 1630 171 1662 1.Cor.
186 1637 212 1671 3.

65 1675 139 1714 daz

32 1930 35 1935 ¹
63 1925 165 1956 icor.
178 1928 219 1954 11.

67 2094 173 2130 Jolmn
185 2104 222 2130 .1.

64 2161 139 2192 a.4.

240 21 286 63 98
664 17 881 61 LIBRI
933 17 1166 62 PRIMI

238 89 316 129 ses:
339 89 535 142 praesettim
564 101 680 141 quum
702 90 856 129 vifibiles
880 89 1024 131 tantum
1057 105 1238 133 creaturas
1262 90 1408 133 homini
1431 92 1542 143 confi-T

240 155 355 194 paret.

291 209 316 242 4
369 195 548 234 Nondum
562 208 686 233 tamen
701 195 785 243 data
797 192 869 234 esse
883 195 1027 235 videtur
1043 196 1151 248 plena
1164 199 1338 250 imaginis
1352 197 1538 243 definitio,

245 248 312 284 nifi
327 244 460 286 clarius
473 261 597 299 pateat
611 248 744 297 quibus
755 248 994 287 >facultatibus
1007 250 1187 299 praecellat
1200 251 1316 288 homo
1328 278 1338 294 ,
1359 256 1392 288 ἃ
1406 244 1539 302 quibus

238 299 433 350 speculum
448 300 583 338 censeri
595 300 726 338 debeat
737 301 865 352 gloriae
876 303 958 338 Dei.
972 300 1011 338 Id
1034 300 1119 338 vero
1140 315 1212 340 non
1235 303 1382 341 aliunde
1399 300 1531 341 melius

242 350 353 402 quam
369 365 409 390 ex
425 353 659 403 reparatione
670 366 850 404 corruptae
861 366 995 390 naturae
1006 352 1178 403 cognosci
1202 357 1331 400 potest.
1361 356 1467 406 Qin
1484 359 1541 392 A-

244 406 328 442 dam
341 431 351 447 ,
367 404 424 442 vbi
440 405 572 443 excidit
589 402 608 442 ὲ
621 405 733 457 gradu
747 404 810 443 suo
826 431 835 448 ‚
849 405 917 443 hac
930 403 1140 443 defectione
1165 406 1184 443 *a
1197 410 1281 444 Deo
1303 408 1483 446 alienatus
1495 408 1540 446 fit

241 453 396 494 minime
410 455 564 494 dubium
579 457 778 509 ei't.Qare
793 458 857 496 etfi
869 457 996 495 demus
1009 472 1083 495 non
1100 459 1244 507 prorsus
1258 461 1482 497 exinanitam
1497 471 1541 498 ac

239 509 403 547 deletam
429 511 464 546 in
482 523 527 546 eo
537 505 733 547 fuisseDei
747 512 946 560 imaginem
961 537 971 554 ,
992 510 1037 546 fic
1048 522 1168 547 tamen
1193 524 1369 561 corrupta
1388 511 1458 549 fuit
1472 540 1481 555 ,
1502 524 1540 550 vt

240 561 413 612 quicquid
426 562 584 612 superest
596 588 606 603 ‚
620 561 802 599 horrenda
815 564 857 600 fit
867 561 1092 599 deformitas.
1108 562 1269 613 Ideoque
1283 564 1539 613 recuperanda:

241 614 364 651 salutis
377 616 486 651 nobis
512 616 660 651 initium
673 616 723 651 est
743 616 777 651 in
792 627 836 652 ea
857 615 1115 652 instauratione
1138 627 1249 665 quam
1278 615 1536 666 consequimur

236 680 305 715 ‘per
319 665 500 704 Christum
518 668 604 719 ,qui
631 667 745 704 etiam
766 666 834 704 hac
856 666 902 704 de
925 667 1029 704 cansa
1051 680 1200 704 vocatur
1224 667 1393 705 secundus
1417 669 1539 706 Adam

170 719 177 727 ‘
218 720 225 726 “
241 721 325 771 quia
340 733 405 756 nos
420 721 455 757 in
469 731 589 756 veram
603 717 797 757 &solidam
810 721 1063 773 integritatem
1077 720 1422 772 restituit.Qanuis
1434 724 1536 757 enirn

240 769 491 809 vmificantem
505 770 666 821 spiritum
681 784 754 822 quo
776 771 961 809 donantur
975 768 993 808 ἆ
1008 770 1152 808 Christo
1173 771 1298 809 fideles
1312 799 1321 814 ,
1337 785 1537 823 opponens

241 824 373 861 Paulus
389 824 519 860 animae
534 825 672 860 viuenti
686 826 724 861 in
736 837 807 875 qua
819 836 958 861 creatus
973 822 1042 860 fuit
1056 823 1403 864 Adani,vbetiorem
1417 826 1536 875 gratie

237 876 445 913 mensuram
466 877 501 913 in
524 888 806 929 regeneratione
827 874 1063 913 commendet
1088 890 1096 912 ε
1122 890 1196 913 non
1219 888 1344 914 tamen
1375 876 1537 915 alterum

236 928 331 965 illud
345 940 452 979 caput
465 928 567 964 tollit
584 954 594 969 ‚
608 926 704 965 hunc
716 929 1008 965 recenetationis
1022 924 1092 965 effe
1103 926 1227 970 finem,
1241 940 1279 966 vt
1292 942 1357 965 nos
1371 927 1539 966 Christufl

235 981 496 1031 adimaginem
511 983 578 1017 Dei
593 961 785 1018 reformeff.
821 983 952 1030 Itaque
972 979 1060 1017 alibi
1072 993 1213 1017 nouum
1226 978 1414 1018 hominem
1428 994 1539 1018 reno-

199 1040 207 1048 ·
234 1034 308 1079 uari
328 1033 435 1069 docet
457 1029 653 1069 secundum
674 1034 877 1086 imaginem
902 1036 979 1069 eius
1000 1034 1061 1083 qui
1080 1034 1220 1070 creauit
1241 1032 1359 1070 illum,
1388 1034 1457 1071 Cui
1478 1045 1536 1070 re-

234 1083 673 1137 spondetillud,1nduite
697 1098 839 1122 nouum
872 1084 1085 1126 hommem,
1103 1087 1163 1134 qui
1188 1081 1385 1122 secundnm
1410 1088 1534 1124 Deum

176 1147 182 1156 '
213 1145 222 1154 ·
235 1137 377 1175 creatus
391 1138 455 1174 est.
469 1140 545 1174 Iam
560 1135 757 1174 videndum
772 1138 821 1174 est
833 1135 921 1187 quid
946 1134 1108 1174 maxime
1137 1135 1280 1175 subhac
1293 1139 1535 1175 renouatione

235 1188 524 1239 comprehendat
536 1188 678 1226 Paulus.
696 1191 823 1227 Priore
837 1189 921 1225 loco
936 1189 1169 1241 agnitionem
1192 1191 1297 1239 ponit
1309 1216 1319 1231 ,
1336 1189 1457 1227 altero
1469 1202 1537 1227 au-

236 1255 312 1281 tem
326 1240 511 1292 synceram
524 1241 693 1279 iustitiam
707 1269 716 1283 ‚
731 1245 765 1278 &
790 1241 1016 1278 sanctitatem
1032 1240 1148 1278 :vnde
1163 1240 1371 1292 colligimus
1398 1243 1536 1294 imagi-

238 1308 324 1332 nem
340 1296 413 1331 Dei
424 1295 534 1331 initio
548 1295 584 1330 in
598 1293 678 1331 luce
691 1295 823 1331 mentis
838 1319 847 1336 ,
861 1295 896 1329 in
909 1293 1028 1329 cordis
1042 1292 1258 1330 rectitudine
1271 1319 1280 1336 ,
1299 1292 1535 1344 partiumque

239 1349 408 1384 omniurn
434 1344 588 1383 sanitate
611 1347 839 1395 conspicuam
861 1343 963 1383 fuisse
983 1346 1054 1382 Dei
1076 1346 1287 1398 imaginem.
1304 1346 1534 1397 Qanquarn

240 1403 340 1436 enim
365 1397 484 1435 fateor
506 1397 787 1449 synecdochicas
810 1395 883 1435 effe
913 1397 1090 1448 loquendi
1124 1396 1262 1434 fortnas
1275 1425 1284 1440 ,
1310 1412 1381 1436 non
1413 1398 1534 1448 potest

241 1464 365 1488 tamen
391 1451 607 1501 principium
632 1449 703 1487 hoc
723 1450 1019 1499 conuelli‚quod
1042 1453 1075 1486 in
1098 1453 1343 1487 renouatione
1363 1451 1533 1500 imaginis

239 1506 313 1541 Dei
334 1505 557 1553 praecipuum
584 1503 656 1544 est,
679 1504 716 1539 in
736 1501 809 1554 ipsa
834 1505 943 1541 etiam
967 1504 1152 1540 creatione
1174 1498 1324 1539 tenuiffe
1349 1501 1533 1540 summum

237 1554 555 1610 gradumAEodem
568 1556 727 1607 pertinet
739 1555 838 1606 quod
850 1555 936 1592 alibi
949 1554 1069 1597 tradit,
1084 1568 1148 1591 nos
1162 1567 1224 1592 reu
1233 1555 1328 1591 elata
1344 1552 1436 1592 facie
1447 1555 1532 1606 glo-

233 1612 324 1645 riam
340 1607 472 1645 Christi
489 1607 716 1658 speculantes
730 1635 739 1650 ,
754 1612 788 1643 in
804 1607 956 1644 eandem
969 1608 1172 1658 imaginem
1186 1605 1454 1644 transformari.
1469 1608 1531 1644 Vi-

230 1659 360 1697 demus
372 1671 465 1697 nunc
473 1673 507 1697 vt
519 1659 679 1697 Christus
691 1657 950 1710 perfestissxma
964 1660 1002 1696 lit
1014 1662 1085 1695 Dei
1098 1658 1283 1711 imago‚ad
1296 1661 1366 1709 qua
1381 1657 1502 1696 forma
1513 1681 1535 1692 -

236 1715 263 1750 ti
278 1713 323 1750 fic
334 1713 632 1755 instauramur,vt
648 1712 1446 1762 verapietate,iustitia‚puritate,1'nte111'getia
1457 1713 1530 1750 ima

238 1767 364 1817 ginem
380 1768 454 1802 Dei
469 1766 664 1816 gestemus.
677 1765 771 1815 Qo
783 1765 915 1815 polito,
933 1763 1125 1802 Ofi5drica
1136 1763 1198 1801 illa
1212 1763 1255 1801 de
1267 1762 1384 1814 figura
1394 1775 1531 1814 corpo-

241 1819 288 1854 ris
304 1819 522 1870 imaginatio
535 1830 598 1868 pet
613 1817 647 1854 se
659 1812 766 1854 facile
782 1818 978 1855 euanescit.
993 1814 1111 1868 Qod
1124 1828 1248 1854 autem
1262 1819 1313 1852 vir
1325 1814 1418 1853 solus
1434 1828 1529 1854 xma-

239 1882 290 1905 σο
306 1874 337 1906 δε
352 1870 470 1920 gloria
484 1871 554 1906 Dei
565 1881 717 1906 vocatur
737 1869 833 1919 apud
856 1868 1007 1907 Paulum
1022 1896 1030 1911 ‚
1045 1876 1081 1906 &c
1106 1868 1238 1906 mulier
1257 1866 1457 1905 excluditur
1481 1869 1528 1906 ab

240 1901 311 1959 linc
326 1922 478 1958 honoris
490 1920 598 1974 gradu
613 1948 622 1964 ,
636 1922 682 1957 ad
695 1921 866 1958 ordinem
889 1922 1085 1970 politicum
1108 1920 1271 1972 restringi
1295 1933 1339 1957 ex
1350 1932 1528 1959 contextu

238 1986 352 2026 patet.
377 1977 426 2010 At
449 1972 511 2010 sul>
532 1975 693 2025 imagine
714 1976 811 2011 cuius
832 1971 873 2011 fit
885 1986 1050 2017 mentio,
1070 1971 1331 2022 comprehendi
1353 1972 1526 2023 quicquid

238 2026 282 2063 ad
300 2025 524 2075 spiritualem
539 2030 573 2062 δε
587 2017 758 2063 :eternam
773 2030 884 2063 vitam
896 2025 1032 2076 spectat
1043 2052 1052 2068 ‚
1066 2026 1133 2060 iam
1148 2026 1229 2061 satis
1242 2024 1438 2074 probatum
1453 2022 1526 2063 effe

236 2079 412 2116 arbitror.
430 2078 516 2114 Hoc
528 2077 622 2114 idern
638 2079 715 2114 aliis
731 2079 851 2115 verbis
864 2075 1057 2114 confirmat
1072 2076 1266 2117 Iohannes,
1280 2073 1434 2114 asserens
1449 2104 1458 2119 ,
1472 2077 1527 2114 vi*

237 2143 311 2170 tam
328 2143 407 2180 qnae
418 2133 454 2167 in
469 2142 605 2166 :eterno
618 2132 687 2166 Dei
703 2133 881 2166 Sermone
893 2129 937 2166 ab
952 2130 1058 2165 initio
1072 2142 1148 2165 erat
1161 2157 1170 2172 ,
1185 2126 1289 2166 fuisse
1310 2128 1429 2165 lucem
1454 2128 1525 2166 ho-

235 2186 388 2222 minum.
423 2184 520 2219 Nam
552 2195 666 2232 quum
690 2182 916 2232 propositum
939 2181 981 2217 fit
994 2208 1003 2222 ‚
1028 2181 1247 2232 singularem
1276 2182 1346 2219 Dei
1365 2184 1523 2234 gratiam

236 2249 309 2287 qua
333 2234 449 2272 homo
471 2233 618 2284 reliquis
640 2233 885 2271 animantibus
915 2233 1107 2284 praecellit,
1122 2233 1336 2276 landare,vt
1360 2247 1444 2272 eum
1467 2232 1524 2271 se-

233 2301 367 2342 greget
379 2300 422 2324 ex
438 2289 624 2323 communi
640 2299 794 2323 numero
808 2313 816 2327 ‚
829 2287 914 2337 quia
934 2299 1006 2322 non
1022 2286 1208 2338 vulgarem
1229 2285 1378 2336 adeptus
1402 2287 1452 2323 est
1471 2287 1523 2323 vi-

236 2354 311 2378 tam
326 2367 336 2382 ,
353 2338 410 2377 sed
422 2340 656 2377 coniunctam
669 2351 753 2375 cum
767 2339 848 2374 luce
860 2337 1231 2389 intelligentiaezfimul
1249 2339 1408 2375 ostendit
1428 2351 1522 2387 quo-

236 2393 351 2432 modo
372 2393 631 2444 adimaginem
658 2394 730 2428 Dei
750 2391 794 2427 fit
807 2392 985 2429 conditus.
1001 2392 1097 2444 Ergo
1114 2404 1225 2440 quum
1247 2392 1316 2427 Dei
1337 2393 1465 2442 imago
1477 2390 1521 2428 fit

234 2447 522 2500 integranaturae
550 2443 720 2484 humanae
737 2444 966 2496 praestantia,
981 2456 1060 2495 quae
1083 2442 1221 2482 refulfit
1245 2445 1282 2481 in
1293 2442 1410 2533 Adgr?
1426 2454 1520 2533 ἔξω
1561 2458 1569 2469 =

1369 2507 1387 2534 e
1404 2507 1424 2534 e
1462 2507 1517 2532 10-
