1591 2775
519 31 762 69 CAPVT
817 31 940 70 VII.
1315 36 1388 71 729-

133 98 181 140 'io
233 102 288 138 Ac
299 95 377 147 qu⁴o
389 97 568 146 eiusmodi
581 97 704 135 edicta
716 95 794 146 plus
812 95 990 133 baberent
1001 91 1283 145 ponderis‚falso
1296 94 1380 144 sup-

83 151 286 204 posuerunt
299 165 468 190 veterum
488 148 708 188 Pontificum
720 151 870 185 nomina
883 175 892 189 ‚
905 149 1002 197 quali
1014 161 1069 183 res
1082 147 1101 183 'a
1114 146 1320 196 primordio
1334 145 1382 182 iic

79 201 233 244 fuissent
245 206 416 242 instituta:
429 218 437 240 :
451 216 565 252 quum
578 215 680 239 certo
694 204 826 238 certius
843 200 885 236 fir.
901 213 1040 236 nouum
1054 195 1130 236 effe
1145 203 1178 236 δε
1194 212 1311 249 nuper
1324 198 1384 235 fa-

84 257 261 295 bricatum
276 255 445 308 quicquid
456 259 630 294 Romano
646 256 720 291 Pon
728 252 814 290 tifici
840 253 918 301 plus
931 251 1061 288 tribuit
1072 249 1180 301 quam
1194 264 1225 287 ei
1239 250 1258 287 a
1271 263 1379 288 vetu-

79 310 141 346 stis
156 310 332 347 Conciliis
346 309 472 347 darum
490 303 593 344 fm'ffe
609 305 817 343 retulimus.
839 304 1065 356 Qinetiam
1081 301 1126 339 eo
1139 303 1379 352 impudentiae

51 393 55 398 .
80 373 315 399 veneruntvt
337 360 548 410 rescriptum
563 359 745 396 ediderint
767 357 834 395 sub
849 359 1002 393 nomine
1026 355 1198 393 Anastaiii
1213 357 1377 391 Patriar-
1507 396 1516 401 .

81 414 159 451 tha:
168 413 594 464 Costantinopolitani‚in
608 425 682 461 quo
694 412 844 448 restatur
857 411 1017 459 antiquis
1029 407 1165 459 regulis
1177 405 1282 444 fuisse
1299 408 1373 444 san-
1389 393 1476 435 Ῑῧὶᾶ·
1486 411 1514 436 ⁶·

79 469 194 505 cirum
208 493 218 506 ,
231 465 364 516 nequid
378 464 435 501 vel
446 466 481 501 in
504 461 754 500 rernon'ffimis
768 464 972 512 prouinciis
993 472 1166 511 ageretur
1187 458 1288 508 quod
1301 473 1375 497 non
1393 456 1497 510 Αζῑῑὶ-

79 518 129 555 ad
140 521 354 558 Romanam
366 518 489 554 sedem
502 514 601 567 prius
614 516 775 552 rentum
791 513 1132 563 foret.Prc2terquam
1149 510 1251 561 quod
1263 514 1368 549 vanis
1387 518 1470 556 quu-

74 570 206 607 fimum
222 569 255 606 id
269 568 341 607 effe
354 570 506 611 constat,
523 574 578 605 cui
598 568 792 605 hominum
808 566 980 603 credibile
992 567 1061 603 erit
1076 591 1085 607 ‚
1101 565 1176 603 tale
1191 566 1374 602 Romanae

82 620 171 662 sedis
187 623 350 673 elogium
366 621 413 659 ab
435 621 639 658 aduersario
655 620 852 657 &honoris
869 616 1130 672 dignitatisque
1141 616 1275 654 aemulo
1288 630 1376 667 pro-

41 682 44 686 ’
78 673 220 719 fectum
234 673 391 713 essessed
401 677 567 723 oportuit
581 673 716 710 scilicet
730 671 776 709 eo
789 671 986 709 dementiae
999 682 1040 707 ac
1052 672 1224 707 caecitatis
1237 682 1379 719 proue—

78 725 117 764 hi
131 728 214 764 istos
227 726 484 769 Antichristus,
499 739 533 763 vt
545 727 717 763 omnibus
733 726 822 762 sanae
834 724 967 760 mentis
981 721 1277 771 hominibus,qui
1293 734 1376 758 mo-

79 778 129 816 do
142 779 271 817 oculos
283 781 425 830 aperire
441 779 778 829 volunt,conspicua
792 773 883 814 esset
895 775 1054 825 ipsorum
1067 777 1242 825 nequitia.
1253 777 1377 811 Decre

78 832 167 868 tales
179 845 301 869 autem
315 829 507 882 epistolaea
526 835 709 883 Gregorio
727 843 828 866 nono
843 829 1024 881 congestat
1038 842 1046 864 :
1061 826 1378 869 irem‚Clementi-

79 897 146 926 nae,
164 889 196 921 &
212 886 500 935 Extrauagantes
515 886 683 927 Martini,
696 878 855 932 apertius
867 882 987 918 adhuc
1002 884 1036 917 &
1049 878 1277 929 pleniorzbus
1288 879 1377 915 buc-

77 938 128 973 cis
144 939 344 974 immanem
357 935 594 978 ferociam,&
613 936 722 973 veluti
738 935 987 972 Barbarorum
1000 945 1129 982 regum
1141 931 1376 981 tyrannidem

79 988 212 1040 vbique
225 990 371 1038 spirant.
396 991 511 1039 Atqui
526 989 599 1025 haec
621 989 702 1026 sunt
714 986 867 1023 oracula
890 999 935 1022 ex
948 986 1074 1032 quibus
1091 984 1221 1020 volunt
1232 987 1378 1022 Roma-

77 1043 205 1079 nenses
219 1044 395 1091 Papatum
409 1041 509 1078 suum
522 1042 700 1078 aestimari.
715 1040 812 1076 Hinc
824 1050 906 1075 orta
918 1037 1000 1074 sunt
1013 1036 1186 1087 praeclara
1198 1035 1259 1073 illa
1269 1038 1376 1073 axio-

76 1106 179 1133 mata
195 1120 205 1135 ,
218 1107 297 1145 quae
310 1095 384 1130 vim
396 1094 629 1131 oraculorum
643 1090 770 1142 paffim
785 1090 898 1127 hodie
911 1093 944 1126 in
958 1091 1093 1136 Papam
1107 1088 1292 1130 obtinent,
1307 1091 1378 1126 Pa-

76 1158 166 1196 pam
178 1160 299 1183 errare
312 1159 385 1182 non
398 1140 500 1196 posse
515 1173 525 1186 ‚
541 1147 677 1195 Papam
693 1138 765 1179 effe
776 1144 1003 1193 superiorem
1019 1140 1200 1177 Conciliis
1212 1167 1222 1181 ,
1239 1143 1374 1191 Papam

76 1194 153 1236 effe
166 1198 404 1235 vniuersalem
428 1200 593 1235 omniurn
610 1195 849 1233 Ecclefiarum
873 1193 1090 1244 Episcopum
1105 1219 1115 1233 ,
1131 1197 1166 1229 &
1185 1194 1373 1230 summum

75 1250 114 1287 in
128 1253 230 1287 terris
245 1249 407 1287 Ecclcfiae
418 1262 536 1299 caput.
563 1252 690 1286 Taceo
702 1248 858 1297 ineptias
884 1244 1004 1283 multo
1017 1245 1247 1282 absurdiores
1260 1271 1270 1287 ,
1285 1258 1376 1296 quas

74 1303 172 1340 stulti
188 1304 396 1340 Canonistae
406 1304 442 1339 in
462 1302 592 1340 scholis
606 1302 675 1340 suis
685 1300 938 1337 deblaterant:
952 1297 1082 1349 quibus
1095 1310 1220 1335 tamen
1232 1301 1377 1336 Roma-

75 1355 204 1392 nenses
217 1355 385 1407 theologi
398 1368 472 1392 non
488 1352 605 1392 modo
616 1349 858 1392 assentiuntur
869 1378 878 1395 ‚
893 1349 952 1390 sed
963 1353 1076 1388 etiam
1091 1349 1326 1401 applaudunt
1337 1362 1375 1389 vt

71 1406 178 1444 idolo
196 1406 260 1444 suo
271 1407 479 1445 adulentur.

119 1472 162 1496 21
200 1461 289 1498 Non
301 1473 408 1510 agam
421 1459 584 1498 cumillis
599 1459 744 1497 summo
759 1459 892 1497 iure.H
900 1458 955 1496 uic
967 1468 1076 1495 tantae
1088 1456 1291 1495 insolentiae
1303 1469 1375 1506 op-

74 1524 231 1561 poneret
245 1514 425 1563 quispiam
444 1512 536 1549 alius
565 1513 744 1563 Cypriani
767 1513 987 1549 sententiam
1001 1538 1011 1552 ,
1028 1522 1098 1560 qua
1110 1509 1187 1547 vsus
1211 1511 1260 1547 est
1271 1507 1374 1560 apud

73 1563 272 1614 Episcopos
285 1577 444 1614 quorum
466 1565 628 1602 concilio
641 1564 859 1614 praefidebat
870 1590 880 1605 ‚
895 1565 1022 1601 Nemo
1036 1562 1199 1599 nostrum
1218 1563 1372 1611 Episco-

74 1630 164 1666 pum
177 1615 211 1652 se
224 1616 487 1666 Episcoporum
503 1617 591 1655 dicit
607 1644 617 1658 ‚
631 1629 694 1654 aut
706 1618 902 1669 tyrannico
914 1628 1052 1653 terrore
1070 1615 1231 1666 collegas
1245 1614 1291 1651 ad
1302 1614 1371 1651 ob-

72 1667 246 1719 sequendi
258 1667 511 1707 neceffitatem
525 1670 653 1723 adigit.
668 1671 862 1707 Obiiceret
875 1668 976 1719 quod
988 1669 1179 1717 aliquanto
1190 1664 1269 1718 post
1282 1670 1371 1704 Car-

73 1720 224 1773 thagine
243 1720 427 1759 decretum
439 1720 529 1766 fuit,
543 1723 687 1773 Nequis
715 1734 908 1759 vocaretur
930 1724 1094 1771 princeps
1115 1719 1370 1758 Sacer-dotum.

71 1786 136 1811 aut
150 1775 290 1823 primus
310 1775 517 1825 Episcopus.
541 1775 751 1828 Colligeret
761 1788 804 1811 ex
828 1772 984 1812 historiis
1003 1773 1123 1810 multa
1143 1773 1369 1815 testimonia,

72 1839 120 1863 ex
130 1825 288 1877 Synodis
301 1839 463 1865 canones
475 1853 486 1869 ,
502 1840 546 1864 ex
557 1840 726 1865 veterum
740 1826 842 1865 libris
859 1825 993 1864 multas
1007 1826 1219 1868 sententias,
1235 1823 1372 1876 quibus

72 1881 268 1916 Romanus
293 1878 463 1917 Pontifex
477 1881 516 1917 in
535 1878 703 1917 ordinem
717 1891 928 1932 cogeretur.
949 1877 1018 1916 Sed
1029 1891 1103 1930 ego
1124 1878 1195 1916 istis
1210 1877 1373 1927 superse-

72 1930 144 1968 deo
157 1957 167 1973 ‚
180 1944 226 1967 ne
236 1931 362 1969 videar
371 1933 479 1969 nimis
491 1931 636 1984 praecise
648 1945 711 1970 eos
724 1945 866 1986 vrgere.
879 1931 1146 1981 Respondeant
1158 1942 1284 1969 tamen
1299 1930 1374 1966 mi·-

72 1981 110 2019 hi
124 1985 259 2033 optimi
287 1985 434 2034 patroni
448 1987 628 2024 Romana:
642 1984 732 2022 sedis
747 1997 840 2035 :qua
851 1982 977 2022 fronte
996 1981 1368 2022 titulum‘vniuersalis

72 2034 240 2086 Episcopi
251 2035 456 2074 defendere
467 2038 757 2086 audeantzquem
773 2037 897 2074 vident
910 2038 1022 2074 toties
1035 2035 1273 2075 anathemate
1283 2034 1367 2072 dam
1536 2074 1543 2079 ,

71 2089 148 2124 nari
163 2086 183 2125 ὲ
196 2090 393 2140 Gregorio.
409 2091 446 2127 Si
457 2090 580 2127 valere
593 2088 705 2127 debet
716 2090 890 2139 Gregorii
901 2089 1149 2127 testimonium
1163 2115 1173 2133 ,
1186 2102 1232 2125 eo
1245 2088 1369 2125 decla-
1385 2078 1543 2128 Epist-92}

70 2142 432 2179 rantAntichristum
457 2138 528 2180 esse
542 2141 643 2180 suum
670 2142 886 2180 Pontificem
901 2140 1003 2192 quod
1025 2154 1109 2179 eum
1126 2136 1367 2179 vniuersalem
1385 2131 1481 2176 ltb·4-
1498 2128 1542 2167 ad

70 2190 220 2230 faciunt.
247 2195 402 2231 Nomen
417 2196 528 2232 etiam
543 2196 684 2245 Capitis
705 2192 825 2232 nihilo
838 2196 955 2248 magis
969 2192 1045 2231 fuit
1056 2194 1241 2233 vfitatum.
1263 2195 1317 2231 Sic
1329 2206 1372 2231 e-
1386 2184 1500 2220 loban.

69 2245 144 2281 nim
158 2245 295 2283 alicubi
313 2246 499 2296 loquitur,
515 2249 642 2285 Petrus
662 2249 885 2298 praecipuum
907 2261 944 2284 in
958 2259 1116 2297 corpore
1139 2246 1366 2289 membrum,
1384 2238 1541 2285 CWftaffl

72 2295 252 2335 lohannes
267 2324 277 2340 ‚
293 2299 458 2337 Andreas
471 2327 480 2344 ‚
495 2299 648 2338 Iacobus
661 2299 934 2351 particularium
946 2298 1112 2350 plebium
1126 2301 1256 2350 capita.
1270 2301 1370 2336 Om-
1381 2291 1520 2341 tinopvl·

67 2361 134 2386 nes
147 2361 273 2388 tamen
297 2350 361 2388 sub
373 2365 444 2389 vno
459 2354 577 2402 capite
593 2353 763 2390 membra
777 2351 940 2390 Ecclefiae
952 2351 1045 2389 sunt.
1057 2350 1136 2389 imo
1150 2351 1262 2389 saneti
1277 2363 1366 2389 ante

71 2402 235 2454 Legem,
259 2402 367 2442 sancti
386 2403 451 2443 sub
472 2407 600 2458 Lege,
623 2405 735 2444 sansti
757 2406 793 2441 in
815 2406 956 2457 gratia,
980 2416 1110 2440 omnes
1130 2402 1367 2454 perficientes

68 2459 199 2505 corpus
209 2457 389 2500 Domini,
404 2458 442 2495 in
454 2457 630 2496 membris
650 2457 731 2497 sunt
743 2458 932 2497 constituti
946 2470 955 2495 :
972 2460 1010 2494 δε
1023 2469 1139 2495 nemo
1157 2457 1194 2494 se
1205 2468 1367 2505 vnquam

1113 2511 1155 2548 Z.
1165 2522 1196 2547 v.
