1591 2775
0 0 38 39 μί
500 2 744 51 οΛΡντ
795 13 942 53 xvi.
1200 38 1205 41 „
1296 14 1361 60 ⁸5⁷

17 74 24 135 J
73 77 289 120 sanstificari
302 76 476 118 declarat?
497 80 590 117 Aliis
603 78 887 130 cauiilis,quibus
900 76 1049 117 eludere
1059 76 1154 116 hunc
1164 76 1289 115 locum
1301 79 1358 115 ni-

7 139 15 174 (
73 145 219 174 cuntur,
233 127 444 183 nihilquam
459 133 558 170 suam
580 133 823 184 ignorantiam
837 130 1007 180 produnt.
1033 141 1246 182 argutantur
1259 131 1359 168 enim

8 181 9 187 ’
74 198 121 223 cx
131 197 176 222 eo
189 183 288 234 quod
299 183 385 221 dicit
397 182 568 223 Christus,
582 183 693 220 Sinite
705 184 827 220 venire
839 183 1022 230 paruulos,
1037 185 1108 218 iam
1121 181 1357 235 grandiuscu-

72 236 129 274 los
141 238 243 272 annis
258 231 386 278 fuisse,
400 237 463 286 qui
474 235 520 272 ad
540 234 816 285 ingrediendum
838 236 909 271 iam
934 233 1051 271 effent
1072 234 1207 271 idonei.
1229 234 1296 272 Sed
1308 233 1356 271 ab

17 314 19 317 .
73 287 312 341 Euangelistis
322 287 413 330 βρέφη
423 285 479 319 καὶ
491 279 602 327 merdin
616 288 870 322 nominantur:
884 287 1011 335 quibus
1024 285 1138 323 verbis
1153 283 1355 335 significant

8 362 11 363 ν
77 342 193 378 Graeci
206 337 413 376 Infantulos
433 337 478 375 ab
494 336 673 375 vberibus⁴
687 337 902 386 pendentes.
928 340 1060 374 Venire
1082 350 1172 391 ergo
1194 338 1354 388 politum

25 410 28 411 ⁷
71 391 123 429 est
133 390 345 442 {impliciter
355 402 422 440 pro
434 387 628 426 Accedere.
654 390 705 426 En
720 388 844 439 quales
857 401 1034 441 cogantur
1054 388 1237 438 decipulas
1253 401 1355 427 texe-

70 444 183 495 tequi
203 434 376 480 aduersus
398 443 590 478 veritatem
613 439 881 478 obduruerunt.
903 440 1019 479 Porro
1033 439 1128 488 quod
1150 442 1356 478 iaetantre-

67 507 183 547 gnum
195 494 365 532 caelorum
379 491 579 530 infantibus
593 506 668 530 non
684 490 756 530 ess'e
766 491 979 530 attributum
992 520 1002 536 ,
1017 491 1074 530 sed
1087 505 1214 529 eorum
1231 492 1355 530 (imili-

66 548 329 597 bus‚quoniam
342 545 478 583 dicatur
490 545 614 582 talium
629 543 795 587 effe‚non
807 545 982 594 ipsorum:
998 545 1113 582 nihilo
1127 546 1176 581 est
1191 543 1354 582 solidius.

69 598 110 639 Id
122 601 219 637 enim
231 599 256 636 fi
268 600 440 650 recipitur
453 623 463 639 ,
476 598 592 647 qualis
605 596 728 635 futura
743 597 793 633 est
806 597 939 634 Christi
953 600 1046 634 ratio
1059 624 1067 638 ,
1081 595 1357 647 quaestendere

68 650 144 695 vult
154 663 262 689 aetate
274 648 429 689 infantes
440 647 460 687 ὲ
473 650 506 686 se
519 663 591 687 non
605 651 743 687 ahenos
759 658 769 686 ?
783 649 918 700 Qum
929 650 1029 686 iubet
1041 663 1078 686 vt
1091 649 1135 685 ad
1148 649 1183 686 se
1200 646 1359 685 infantes

66 704 241 741 accedere
255 703 411 740 finantur
423 729 432 745 ‚
447 702 537 739 nihil
549 704 600 739 est
611 703 742 739 clarius
756 699 863 748 qua-n
876 714 997 737 veram
1016 700 1210 738 infantiam
1225 701 1357 737 notari.

116 754 191 793 uod
202 769 247 792 ne
259 754 453 792 absurdum
466 754 658 796 videretur,
673 753 869 805 subiungit,
885 754 1039 790 Talium
1054 755 1104 789 est
1118 765 1272 806 reguum
1287 764 1350 790 cae-

66 807 205 845 lorum.
225 805 344 860 Qod
357 807 381 844 fi
404 804 559 844 infantes
581 805 843 854 comprehendi
865 801 1100 842 neceffarium
1114 807 1162 841 est
1175 832 1184 846 ,
1199 800 1352 842 minim&

63 860 259 897 obscurum
275 863 425 909 erit,per
439 859 642 897 difflonem
657 859 821 900 Talium,
834 856 992 896 infantes
1007 859 1100 908 ipsos
1111 870 1151 894 ac
1165 870 1295 894 eorum
1310 856 1354 894 fi-

65 911 170 950 miles
183 911 371 965 defignari.

115 968 135 1001 8
187 966 313 1002 Nemo
324 966 395 1001 iam
408 963 459 1000 est
470 963 533 1012 qui
553 977 626 1000 non
640 962 1108 1014 videat‚paedobaptismum
1121 974 1351 1013 nequaquam

61 1012 272 1054 humanitus
284 1014 529 1053 fabrefastum
542 1011 646 1053 fuiffe
657 1042 667 1057 ‚
681 1018 745 1065 qui
757 1028 857 1053 tanta
869 1018 1056 1065 Scripturae
1078 1015 1350 1065 approbatione

61 1064 241 1106 fulciatur,
262 1070 302 1106 N
307 1081 347 1105 ec
359 1069 438 1106 satis
459 1066 619 1118 speciose
634 1069 814 1118 nugantur
835 1069 897 1117 qui
910 1067 1089 1104 obiiciunt
1109 1066 1284 1116 nusquam
1298 1079 1355 1104 rc·

60 1121 246 1170 periri‚vel
258 1119 436 1158 infantem
450 1132 562 1157 vnum
575 1132 639 1170 per
652 1119 920 1169 Apostolorum
937 1131 1063 1156 manus
1077 1116 1179 1157 fuiffe
1192 1114 1356 1169 baptiza-

62 1184 154 1210 tum.
181 1172 254 1210 Etfi
265 1175 361 1210 enim
374 1172 411 1208 id
423 1174 650 1209 nominatim
672 1172 718 1208 ab
730 1172 967 1223 Eitangelistis
979 1185 1054 1208 non
1068 1184 1235 1209 narratur
1246 1197 1255 1214 ‚
1271 1172 1356 1220 quia

61 1236 188 1262 tamen
202 1236 323 1275 neque
332 1223 474 1262 rursum
487 1223 728 1261 excluduntur
741 1225 793 1261 illi
813 1227 960 1276 quoties
972 1222 1120 1261 familiae
1133 1224 1280 1261 alicuius
1292 1222 1355 1259 ba-

59 1276 341 1326 ptizataeincidit
353 1276 593 1325 mentimquis
605 1275 773 1316 inde‚nifi
785 1277 939 1319 insanus,
954 1278 1195 1314 ratiocinetur
1211 1279 1259 1312 no
1274 1273 1512 1316 fuis-‚Astra

59 1329 96 1366 se
108 1329 333 1379 baptizatos?
347 1328 467 1379 Siquid
481 1328 643 1366 valerent
655 1328 692 1365 id
704 1342 820 1382 genus
832 1331 1245 1380 argumenta,mulieres
1261 1329 1358 1378 pari·
1374 1342 1435 1377 ως
1456 1357 1466 1373 ‚
1485 1341 1530 1372 (θ’

0 1412 13 1429 -.
56 1392 113 1419 ter
130 1383 246 1418 Coena
262 1381 421 1418 Domini
434 1380 690 1418 interdicendae
702 1379 830 1422 effent.
845 1394 933 1432 quas
952 1381 1219 1428 Apostolorum
1234 1380 1354 1418 seculo
1366 1386 1442 1437 μὴ

55 1432 103 1472 ad
116 1445 197 1470 eam
212 1431 319 1471 fuisse
331 1429 498 1470 admissas
509 1445 586 1470 non
597 1432 769 1486 legimus.
784 1434 946 1471 sedenim
963 1430 1021 1469 hic
1032 1431 1116 1471 fidei
1132 1433 1257 1484 regula
1270 1446 1354 1470 con-

57 1486 153 1523 tenti
170 1485 299 1524 sumtis.
317 1487 416 1522 Dum
431 1487 531 1522 enim
544 1497 756 1535 reputamus
766 1486 855 1536 quid
865 1485 958 1524 ferat
969 1487 1093 1523 Coenae
1105 1487 1296 1527 institutio,
1310 1497 1357 1523 ex

60 1550 106 1575 eo
121 1539 228 1574 etiam
242 1538 372 1588 quibus
384 1537 711 1574 communicandus
730 1537 880 1575 titinius
895 1540 972 1575 vsus
983 1536 1090 1575 facile
1103 1538 1277 1576 iudicium
1292 1538 1358 1575 est.

56 1589 155 1640 quod
171 1594 202 1626 δι’
221 1591 257 1626 in
277 1589 460 1639 Baptismo
475 1588 727 1627 obseruamus.
751 1590 938 1641 Siquidem
950 1589 1008 1627 vbi
1027 1590 1352 1628 animaduertimus

56 1654 167 1692 quem
181 1643 217 1679 in
232 1640 345 1679 finem
360 1642 544 1679 institutus
558 1638 680 1684 fuerit,
694 1641 1137 1692 euidentersonspicimus
1155 1647 1183 1680 δε
1202 1641 1357 1680 infanti·

55 1694 125 1732 bus
139 1707 213 1730 non
226 1690 347 1731 minus
359 1706 573 1744 competere
585 1691 695 1744 quam
711 1707 795 1732 natu
806 1693 1133 1745 grandioribusAEo
1146 1697 1269 1743 itaque
1280 1697 1352 1743 pri‘

0 1764 1 1767 ¹
54 1746 131 1784 uari
146 1758 332 1795 nequeunt
356 1748 445 1797 quin
465 1747 539 1783 Dei
559 1745 726 1783 authoris
744 1748 925 1784 voluntati
944 1744 1043 1784 fraus
1064 1745 1255 1785 manifesta
1275 1746 1350 1785 fiat.

54 1795 177 1850 Qod
187 1811 311 1836 autem
325 1798 420 1849 apud
433 1797 632 1849 [implicem
644 1798 796 1850 vulgum
810 1796 1050 1841 disseminant,
1064 1800 1218 1853 longam
1231 1811 1351 1837 anno·

54 1863 134 1889 rum
150 1849 277 1888 seriem
301 1852 377 1901 post
391 1849 521 1887 Christi
537 1849 844 1889 refflrreffionem
858 1846 1067 1901 praeteriisse
1078 1879 1089 1894 ,
1103 1852 1233 1904 quibus
1246 1854 1350 1889 inco—

51 1906 176 1955 gnitus
190 1914 267 1940 erat
280 1902 639 1954 paedobaptismus:in
651 1917 696 1941 eo
710 1900 908 1942 foediffime
924 1904 1346 1952 mentiuntur.fiquidem

48 1956 175 1995 nullus
189 1956 238 1993 est
250 1954 401 2005 scriptor
415 1967 491 1992 tam
506 1956 660 1993 vetustus
674 1959 824 2006 quinon
847 1957 926 1993 eius
937 1958 1121 2009 originem
1133 1957 1178 1995 ad
1187 1958 1350 2008 Aposto-

50 2007 174 2046 lorum
193 2007 352 2046 seculum
368 2020 433 2058 pro
446 2019 549 2044 certo
562 2007 709 2045 referat.
1352 2049 1359 2052 ,

50 2066 53 2069 ’
104 2074 127 2104 9
181 2060 350 2111 Superest
365 2073 400 2098 vt
410 2059 571 2097 breuiter
582 2059 784 2098 indicemus
796 2060 961 2110 quisnam
976 2074 1022 2100 ex
1035 2061 1102 2099 hac
1115 2060 1348 2099 obseruatio-

6 2115 9 2119 '
45 2126 99 2151 ne
112 2112 246 2151 fruetus
267 2112 394 2151 redeat
406 2108 488 2150 cum
502 2111 545 2149 ad
560 2110 689 2150 fideles
700 2115 761 2164 qui
772 2112 908 2151 liberos
930 2113 1012 2152 suos
1027 2113 1185 2152 Ecclefiae
1199 2115 1345 2164 tingen-

49 2165 115 2204 dos
127 2166 345 2204 fistunt:tum
359 2165 403 2202 ad
414 2165 511 2216 ipsos
525 2166 585 2215 qui
599 2164 695 2203 sacra
705 2178 799 2217 aqua
810 2166 1180 2217 tinguntur‚infantes
1192 2181 1200 2204 :
1212 2179 1280 2215 neq
1288 2168 1342 2203 uis

48 2230 116 2257 ceu
126 2219 297 2256 inutilem
310 2231 352 2256 ac
364 2216 518 2255 otiosam
531 2217 753 2268 aspernetur.
777 2218 1008 2270 Qanquam
1021 2220 1104 2258 licui
1125 2222 1161 2256 in
1176 2230 1340 2255 mentem

49 2273 164 2314 venit,
179 2269 505 2321 paedobaptismum
518 2269 590 2307 hoc
601 2282 779 2321 praetextu
791 2271 956 2314 irridere,
970 2272 1239 2310 circuncisionis
1250 2282 1342 2319 prae-

45 2335 195 2373 ceptum
208 2320 228 2359 ὲ
248 2324 415 2360 Domino
429 2322 588 2371 pofitum
610 2323 771 2362 ludibrio
784 2323 908 2362 habet.
930 2325 1039 2378 Qid
1051 2327 1150 2362 enim
1172 2323 1217 2360 ad
1232 2322 1336 2359 illum

45 2374 336 2428 impugnandum
350 2374 657 2427 proferent,quod
669 2389 744 2414 non
762 2379 798 2414 in
809 2375 902 2415 hanc
913 2378 1241 2427 retorqueaturtsic
1260 2377 1340 2411 Do-

45 2438 163 2472 minus
177 2425 353 2468 vlciscitur
373 2441 503 2474 eorum
513 2431 766 2482 arrogantiam
779 2432 845 2482 qni
863 2432 1032 2480 protinus
1047 2428 1223 2520 dffipnant
1236 2425 1336 2478 quod

1121 2493 1169 2519 .v.
