<?xml version="1.0" encoding="UTF-8"?>
<!DOCTYPE html PUBLIC "-//W3C//DTD XHTML 1.0 Transitional//EN"
    "http://www.w3.org/TR/xhtml1/DTD/xhtml1-transitional.dtd">
<html xmlns="http://www.w3.org/1999/xhtml" xml:lang="en" lang="en">
 <head>
  <title>
</title>
<meta http-equiv="Content-Type" content="text/html;charset=utf-8" />
  <meta name='ocr-system' content='tesseract 3.04.00' />
  <meta name='ocr-capabilities' content='ocr_page ocr_carea ocr_par ocr_line ocrx_word'/>
</head>
<body>
  <div class='ocr_page' id='page_1' title='image "./institutiochrist00calv_0412.png"; bbox 0 0 1591 2775; ppageno 0'>
   <div class='ocr_carea' id='block_1_1' title="bbox 57 950 213 1247">
    <p class='ocr_par' dir='ltr' id='par_1_1' title="bbox 57 950 213 1247">
     <span class='ocr_line' id='line_1_1' title="bbox 59 950 213 985; baseline -0.013 0"><span class='ocrx_word' id='word_1_1' title='bbox 59 962 88 985; x_wconf 36' lang='lat'>2&gt;</span> <span class='ocrx_word' id='word_1_2' title='bbox 104 950 213 985; x_wconf 80' lang='lat' dir='ltr'><em>Corin.</em></span> 
     </span>
     <span class='ocr_line' id='line_1_2' title="bbox 59 1002 184 1048; baseline 0 -12"><span class='ocrx_word' id='word_1_3' title='bbox 59 1002 184 1048; x_wconf 80' lang='lat' dir='ltr'>12.l›.15</span> 
     </span>
     <span class='ocr_line' id='line_1_3' title="bbox 58 1060 211 1097; baseline -0.007 -9"><span class='ocrx_word' id='word_1_4' title='bbox 58 1060 211 1097; x_wconf 59' lang='lat' dir='ltr'>Romaff.</span> 
     </span>
     <span class='ocr_line' id='line_1_4' title="bbox 57 1106 118 1141; baseline 0 0"><span class='ocrx_word' id='word_1_5' title='bbox 57 1106 118 1141; x_wconf 50' lang='grc' dir='ltr'>με</span> 
     </span>
     <span class='ocr_line' id='line_1_5' title="bbox 60 1163 213 1201; baseline 0.013 -9"><span class='ocrx_word' id='word_1_6' title='bbox 60 1163 213 1201; x_wconf 82' lang='lat' dir='ltr'>2.Cor.7.</span> 
     </span>
     <span class='ocr_line' id='line_1_6' title="bbox 58 1223 122 1247; baseline 0.016 -1"><span class='ocrx_word' id='word_1_7' title='bbox 58 1223 122 1247; x_wconf 84' lang='lat' dir='ltr'>c.11</span> 
     </span>
    </p>
   </div>
   <div class='ocr_carea' id='block_1_2' title="bbox 228 33 1156 86">
    <p class='ocr_par' dir='ltr' id='par_1_2' title="bbox 228 33 1156 86">
     <span class='ocr_line' id='line_1_7' title="bbox 228 33 1156 86; baseline -0.001 -13"><span class='ocrx_word' id='word_1_8' title='bbox 228 33 299 86; x_wconf 67' lang='lat'>5374</span> <span class='ocrx_word' id='word_1_9' title='bbox 597 37 821 75; x_wconf 78' lang='lat' dir='ltr'>LIBRI</span> <span class='ocrx_word' id='word_1_10' title='bbox 873 35 1156 74; x_wconf 61' lang='lat' dir='ltr'>TERTII</span> 
     </span>
    </p>
   </div>
   <div class='ocr_carea' id='block_1_3' title="bbox 226 101 1531 2553">
    <p class='ocr_par' dir='ltr' id='par_1_3' title="bbox 229 101 1531 1149">
     <span class='ocr_line' id='line_1_8' title="bbox 231 101 1529 157; baseline 0.002 -15"><span class='ocrx_word' id='word_1_11' title='bbox 231 116 345 157; x_wconf 83' lang='lat' dir='ltr'>prout</span> <span class='ocrx_word' id='word_1_12' title='bbox 366 101 505 143; x_wconf 83' lang='lat' dir='ltr'>licitu&#39;m</span> <span class='ocrx_word' id='word_1_13' title='bbox 516 102 563 141; x_wconf 82' lang='lat' dir='ltr'>ab</span> <span class='ocrx_word' id='word_1_14' title='bbox 579 103 711 143; x_wconf 89' lang='lat' dir='ltr'>illicito</span> <span class='ocrx_word' id='word_1_15' title='bbox 723 104 973 148; x_wconf 80' lang='lat' dir='ltr'>discriminat,</span> <span class='ocrx_word' id='word_1_16' title='bbox 990 104 1146 142; x_wconf 87' lang='lat' dir='ltr'>modum</span> <span class='ocrx_word' id='word_1_17' title='bbox 1161 101 1529 157; x_wconf 66' lang='lat' dir='ltr'>moderationemque</span> 
     </span>
     <span class='ocr_line' id='line_1_9' title="bbox 229 154 1531 209; baseline 0.001 -14"><span class='ocrx_word' id='word_1_18' title='bbox 229 157 376 195; x_wconf 78' lang='lat' dir='ltr'>seruare</span> <span class='ocrx_word' id='word_1_19' title='bbox 389 156 512 195; x_wconf 88' lang='lat' dir='ltr'>docet.</span> <span class='ocrx_word' id='word_1_20' title='bbox 527 157 638 209; x_wconf 84' lang='lat' dir='ltr'>Qid</span> <span class='ocrx_word' id='word_1_21' title='bbox 652 169 776 195; x_wconf 86' lang='lat' dir='ltr'>tamen</span> <span class='ocrx_word' id='word_1_22' title='bbox 800 156 936 195; x_wconf 88' lang='lat' dir='ltr'>diutius</span> <span class='ocrx_word' id='word_1_23' title='bbox 950 161 985 194; x_wconf 88' lang='lat' dir='ltr'>in</span> <span class='ocrx_word' id='word_1_24' title='bbox 998 154 1200 194; x_wconf 88' lang='lat' dir='ltr'>refellenda</span> <span class='ocrx_word' id='word_1_25' title='bbox 1211 156 1372 194; x_wconf 81' lang='lat' dir='ltr'>belluina</span> <span class='ocrx_word' id='word_1_26' title='bbox 1394 160 1458 196; x_wconf 86' lang='lat' dir='ltr'>ista</span> <span class='ocrx_word' id='word_1_27' title='bbox 1470 171 1531 196; x_wconf 81' lang='lat' dir='ltr'>ra-</span> 
     </span>
     <span class='ocr_line' id='line_1_10' title="bbox 232 206 1530 257; baseline -0.001 -9"><span class='ocrx_word' id='word_1_28' title='bbox 232 210 294 248; x_wconf 90' lang='lat' dir='ltr'>bie</span> <span class='ocrx_word' id='word_1_29' title='bbox 306 209 515 247; x_wconf 78' lang='lat' dir='ltr'>laboramus</span> <span class='ocrx_word' id='word_1_30' title='bbox 529 218 539 246; x_wconf 88' lang='lat'>?</span> <span class='ocrx_word' id='word_1_31' title='bbox 555 212 768 249; x_wconf 84' lang='lat' dir='ltr'>Christianis</span> <span class='ocrx_word' id='word_1_32' title='bbox 781 206 933 257; x_wconf 83' lang='lat' dir='ltr'>Spiritus</span> <span class='ocrx_word' id='word_1_33' title='bbox 955 211 1109 246; x_wconf 82' lang='lat' dir='ltr'>Domini</span> <span class='ocrx_word' id='word_1_34' title='bbox 1122 223 1196 245; x_wconf 87' lang='lat' dir='ltr'>non</span> <span class='ocrx_word' id='word_1_35' title='bbox 1208 208 1464 248; x_wconf 88' lang='lat' dir='ltr'>turbulentum</span> <span class='ocrx_word' id='word_1_36' title='bbox 1477 211 1530 249; x_wconf 85' lang='lat' dir='ltr'>est</span> 
     </span>
     <span class='ocr_line' id='line_1_11' title="bbox 231 258 1530 315; baseline 0.001 -16"><span class='ocrx_word' id='word_1_37' title='bbox 231 258 563 315; x_wconf 75' lang='lat' dir='ltr'>phantasma.quod</span> <span class='ocrx_word' id='word_1_38' title='bbox 576 262 628 299; x_wconf 88' lang='lat' dir='ltr'>vel</span> <span class='ocrx_word' id='word_1_39' title='bbox 643 261 707 312; x_wconf 86' lang='lat' dir='ltr'>ipsi</span> <span class='ocrx_word' id='word_1_40' title='bbox 719 274 783 311; x_wconf 80' lang='lat' dir='ltr'>pet</span> <span class='ocrx_word' id='word_1_41' title='bbox 794 261 980 300; x_wconf 88' lang='lat' dir='ltr'>somnium</span> <span class='ocrx_word' id='word_1_42' title='bbox 994 260 1281 311; x_wconf 87' lang='lat' dir='ltr'>pepererint,vel</span> <span class='ocrx_word' id='word_1_43' title='bbox 1293 260 1337 298; x_wconf 90' lang='lat' dir='ltr'>ab</span> <span class='ocrx_word' id='word_1_44' title='bbox 1349 261 1428 298; x_wconf 85' lang='lat' dir='ltr'>aliis</span> <span class='ocrx_word' id='word_1_45' title='bbox 1441 275 1530 300; x_wconf 92' lang='lat' dir='ltr'>con-</span> 
     </span>
     <span class='ocr_line' id='line_1_12' title="bbox 233 309 1526 366; baseline 0 -14"><span class='ocrx_word' id='word_1_46' title='bbox 233 313 360 354; x_wconf 70' lang='lat' dir='ltr'>fic‘tum</span> <span class='ocrx_word' id='word_1_47' title='bbox 372 315 601 364; x_wconf 84' lang='lat' dir='ltr'>acceperint:</span> <span class='ocrx_word' id='word_1_48' title='bbox 621 314 680 353; x_wconf 88' lang='lat' dir='ltr'>sed</span> <span class='ocrx_word' id='word_1_49' title='bbox 694 316 768 351; x_wconf 83' lang='lat' dir='ltr'>eius</span> <span class='ocrx_word' id='word_1_50' title='bbox 781 315 953 351; x_wconf 87' lang='lat' dir='ltr'>notitiam</span> <span class='ocrx_word' id='word_1_51' title='bbox 969 312 1186 362; x_wconf 53' lang='lat' dir='ltr'>&amp;Scripturis</span> <span class='ocrx_word' id='word_1_52' title='bbox 1200 309 1371 366; x_wconf 72' lang='lat' dir='ltr'>religiose</span> <span class='ocrx_word' id='word_1_53' title='bbox 1385 325 1526 364; x_wconf 85' lang='lat' dir='ltr'>petunt,</span> 
     </span>
     <span class='ocr_line' id='line_1_13' title="bbox 235 363 1529 416; baseline 0.001 -13"><span class='ocrx_word' id='word_1_54' title='bbox 235 366 299 403; x_wconf 85' lang='lat' dir='ltr'>vbi</span> <span class='ocrx_word' id='word_1_55' title='bbox 314 367 386 404; x_wconf 88' lang='lat' dir='ltr'>duo</span> <span class='ocrx_word' id='word_1_56' title='bbox 405 364 480 404; x_wconf 82' lang='lat' dir='ltr'>haec</span> <span class='ocrx_word' id='word_1_57' title='bbox 493 365 626 416; x_wconf 89' lang='lat' dir='ltr'>deipso</span> <span class='ocrx_word' id='word_1_58' title='bbox 651 364 840 404; x_wconf 84' lang='lat' dir='ltr'>traduntur</span> <span class='ocrx_word' id='word_1_59' title='bbox 854 380 863 403; x_wconf 75' lang='grc' dir='ltr'><strong><em>ε</em></strong></span> <span class='ocrx_word' id='word_1_60' title='bbox 877 366 986 403; x_wconf 88' lang='lat' dir='ltr'>nobis</span> <span class='ocrx_word' id='word_1_61' title='bbox 1000 368 1036 407; x_wconf 84' lang='lat' dir='ltr'>in</span> <span class='ocrx_word' id='word_1_62' title='bbox 1061 363 1389 403; x_wconf 66' lang='lat' dir='ltr'>sanctificationem</span> <span class='ocrx_word' id='word_1_63' title='bbox 1405 365 1529 404; x_wconf 87' lang='lat' dir='ltr'>datum</span> 
     </span>
     <span class='ocr_line' id='line_1_14' title="bbox 233 415 1529 469; baseline 0 -13"><span class='ocrx_word' id='word_1_64' title='bbox 233 415 322 462; x_wconf 80' lang='lat' dir='ltr'>effe,</span> <span class='ocrx_word' id='word_1_65' title='bbox 339 415 414 468; x_wconf 69' lang='lat' dir='ltr'>quo</span> <span class='ocrx_word' id='word_1_66' title='bbox 429 417 476 455; x_wconf 91' lang='lat' dir='ltr'>ab</span> <span class='ocrx_word' id='word_1_67' title='bbox 489 417 727 455; x_wconf 84' lang='lat' dir='ltr'>immunditiis</span> <span class='ocrx_word' id='word_1_68' title='bbox 745 418 1078 468; x_wconf 79' lang='lat' dir='ltr'>&amp;inquinamentis</span> <span class='ocrx_word' id='word_1_69' title='bbox 1089 429 1265 469; x_wconf 83' lang='lat' dir='ltr'>purgatos</span> <span class='ocrx_word' id='word_1_70' title='bbox 1277 443 1287 459; x_wconf 87' lang='lat'>,</span> <span class='ocrx_word' id='word_1_71' title='bbox 1301 419 1338 454; x_wconf 89' lang='lat' dir='ltr'>iri</span> <span class='ocrx_word' id='word_1_72' title='bbox 1349 417 1529 456; x_wconf 86' lang='lat' dir='ltr'>obedieu-</span> 
     </span>
     <span class='ocr_line' id='line_1_15' title="bbox 235 468 1529 523; baseline -0.002 -14"><span class='ocrx_word' id='word_1_73' title='bbox 235 474 326 509; x_wconf 88' lang='lat' dir='ltr'>tiam</span> <span class='ocrx_word' id='word_1_74' title='bbox 340 471 470 508; x_wconf 82' lang='lat' dir='ltr'>diuinae</span> <span class='ocrx_word' id='word_1_75' title='bbox 482 471 626 508; x_wconf 86' lang='lat' dir='ltr'>iustitiae</span> <span class='ocrx_word' id='word_1_76' title='bbox 637 468 795 507; x_wconf 80' lang='lat' dir='ltr'>deducat</span> <span class='ocrx_word' id='word_1_77' title='bbox 812 483 910 519; x_wconf 82' lang='lat' dir='ltr'>:quae</span> <span class='ocrx_word' id='word_1_78' title='bbox 921 469 1133 509; x_wconf 84' lang='lat' dir='ltr'>obedientia</span> <span class='ocrx_word' id='word_1_79' title='bbox 1144 470 1306 507; x_wconf 86' lang='lat' dir='ltr'>constare</span> <span class='ocrx_word' id='word_1_80' title='bbox 1319 471 1445 523; x_wconf 85' lang='lat' dir='ltr'>nequit</span> <span class='ocrx_word' id='word_1_81' title='bbox 1459 468 1529 507; x_wconf 80' lang='lat' dir='ltr'>nifi</span> 
     </span>
     <span class='ocr_line' id='line_1_16' title="bbox 233 520 1530 573; baseline -0.002 -12"><span class='ocrx_word' id='word_1_82' title='bbox 233 522 387 562; x_wconf 82' lang='lat' dir='ltr'>domitis</span> <span class='ocrx_word' id='word_1_83' title='bbox 408 520 639 573; x_wconf 61' lang='lat' dir='ltr'>subactisque</span> <span class='ocrx_word' id='word_1_84' title='bbox 659 521 963 573; x_wconf 82' lang='lat' dir='ltr'>concupiscentiis</span> <span class='ocrx_word' id='word_1_85' title='bbox 976 548 988 565; x_wconf 94' lang='lat'>,</span> <span class='ocrx_word' id='word_1_86' title='bbox 1001 521 1133 573; x_wconf 84' lang='lat' dir='ltr'>quibus</span> <span class='ocrx_word' id='word_1_87' title='bbox 1149 522 1207 558; x_wconf 86' lang='lat' dir='ltr'>issi</span> <span class='ocrx_word' id='word_1_88' title='bbox 1232 521 1389 560; x_wconf 80' lang='lat' dir='ltr'>habenas</span> <span class='ocrx_word' id='word_1_89' title='bbox 1403 521 1530 559; x_wconf 82' lang='lat' dir='ltr'>laxare</span> 
     </span>
     <span class='ocr_line' id='line_1_17' title="bbox 231 572 1530 628; baseline -0.002 -14"><span class='ocrx_word' id='word_1_90' title='bbox 231 576 377 614; x_wconf 82' lang='lat' dir='ltr'>volunt.</span> <span class='ocrx_word' id='word_1_91' title='bbox 400 573 548 612; x_wconf 83' lang='lat' dir='ltr'>Deinde</span> <span class='ocrx_word' id='word_1_92' title='bbox 561 575 607 611; x_wconf 88' lang='lat' dir='ltr'>fic</span> <span class='ocrx_word' id='word_1_93' title='bbox 618 587 683 611; x_wconf 85' lang='lat' dir='ltr'>nos</span> <span class='ocrx_word' id='word_1_94' title='bbox 696 575 775 611; x_wconf 83' lang='lat' dir='ltr'>eius</span> <span class='ocrx_word' id='word_1_95' title='bbox 797 572 1083 615; x_wconf 62' lang='lat' dir='ltr'>sanctificatione</span> <span class='ocrx_word' id='word_1_96' title='bbox 1095 576 1263 628; x_wconf 84' lang='lat' dir='ltr'>purgari,</span> <span class='ocrx_word' id='word_1_97' title='bbox 1287 587 1324 611; x_wconf 88' lang='lat' dir='ltr'>vt</span> <span class='ocrx_word' id='word_1_98' title='bbox 1337 573 1462 611; x_wconf 86' lang='lat' dir='ltr'>multis</span> <span class='ocrx_word' id='word_1_99' title='bbox 1477 576 1530 612; x_wconf 85' lang='lat' dir='ltr'>vi-</span> 
     </span>
     <span class='ocr_line' id='line_1_18' title="bbox 231 624 1531 677; baseline -0.001 -13"><span class='ocrx_word' id='word_1_100' title='bbox 231 629 294 665; x_wconf 74' lang='lat' dir='ltr'>tiis</span> <span class='ocrx_word' id='word_1_101' title='bbox 306 625 500 677; x_wconf 67' lang='lat' dir='ltr'>multaque</span> <span class='ocrx_word' id='word_1_102' title='bbox 522 624 741 663; x_wconf 83' lang='lat' dir='ltr'>infirmitate</span> <span class='ocrx_word' id='word_1_103' title='bbox 754 625 988 664; x_wconf 80' lang='lat' dir='ltr'>obfideamur</span> <span class='ocrx_word' id='word_1_104' title='bbox 1000 625 1160 676; x_wconf 83' lang='lat' dir='ltr'>quandiu</span> <span class='ocrx_word' id='word_1_105' title='bbox 1175 624 1299 663; x_wconf 83' lang='lat' dir='ltr'>inclufi</span> <span class='ocrx_word' id='word_1_106' title='bbox 1311 626 1433 664; x_wconf 84' lang='lat' dir='ltr'>sumus</span> <span class='ocrx_word' id='word_1_107' title='bbox 1447 639 1531 663; x_wconf 83' lang='lat' dir='ltr'>rno-</span> 
     </span>
     <span class='ocr_line' id='line_1_19' title="bbox 233 676 1526 730; baseline -0.002 -12"><span class='ocrx_word' id='word_1_108' title='bbox 233 681 270 718; x_wconf 88' lang='lat' dir='ltr'>le</span> <span class='ocrx_word' id='word_1_109' title='bbox 282 681 446 730; x_wconf 84' lang='lat' dir='ltr'>corporis</span> <span class='ocrx_word' id='word_1_110' title='bbox 460 678 570 715; x_wconf 90' lang='lat' dir='ltr'>nostri</span> <span class='ocrx_word' id='word_1_111' title='bbox 578 678 594 714; x_wconf 63' lang='lat' dir='ltr'><em>J</em></span> <span class='ocrx_word' id='word_1_112' title='bbox 607 676 704 729; x_wconf 73' lang='lat' dir='ltr'>Qo</span> <span class='ocrx_word' id='word_1_113' title='bbox 719 676 761 715; x_wconf 84' lang='lat' dir='ltr'>fit</span> <span class='ocrx_word' id='word_1_114' title='bbox 773 689 811 715; x_wconf 91' lang='lat' dir='ltr'>vt</span> <span class='ocrx_word' id='word_1_115' title='bbox 834 676 950 730; x_wconf 74' lang='lat' dir='ltr'>longo</span> <span class='ocrx_word' id='word_1_116' title='bbox 963 677 1163 716; x_wconf 82' lang='lat' dir='ltr'>interuallo</span> <span class='ocrx_word' id='word_1_117' title='bbox 1183 677 1204 715; x_wconf 75' lang='grc' dir='ltr'>ὲ</span> <span class='ocrx_word' id='word_1_118' title='bbox 1214 678 1445 728; x_wconf 65' lang='lat' dir='ltr'>perfectione</span> <span class='ocrx_word' id='word_1_119' title='bbox 1456 677 1526 715; x_wconf 78' lang='lat' dir='ltr'>dis-</span> 
     </span>
     <span class='ocr_line' id='line_1_20' title="bbox 232 728 1527 782; baseline -0.002 -13"><span class='ocrx_word' id='word_1_120' title='bbox 232 729 481 782; x_wconf 82' lang='lat' dir='ltr'>fiti,proficere</span> <span class='ocrx_word' id='word_1_121' title='bbox 495 732 637 780; x_wconf 85' lang='lat' dir='ltr'>semper</span> <span class='ocrx_word' id='word_1_122' title='bbox 649 728 839 781; x_wconf 83' lang='lat' dir='ltr'>aliquid‚&amp;</span> <span class='ocrx_word' id='word_1_123' title='bbox 852 731 951 767; x_wconf 85' lang='lat' dir='ltr'>vitiis</span> <span class='ocrx_word' id='word_1_124' title='bbox 966 731 1101 768; x_wconf 84' lang='lat' dir='ltr'>irretiti</span> <span class='ocrx_word' id='word_1_125' title='bbox 1110 742 1193 768; x_wconf 85' lang='lat' dir='ltr'>cum</span> <span class='ocrx_word' id='word_1_126' title='bbox 1206 730 1276 767; x_wconf 84' lang='lat' dir='ltr'>illis</span> <span class='ocrx_word' id='word_1_127' title='bbox 1288 730 1456 780; x_wconf 83' lang='lat' dir='ltr'>quotidie</span> <span class='ocrx_word' id='word_1_128' title='bbox 1468 731 1527 767; x_wconf 89' lang='lat' dir='ltr'>lu-</span> 
     </span>
     <span class='ocr_line' id='line_1_21' title="bbox 234 778 1528 833; baseline 0 -13"><span class='ocrx_word' id='word_1_129' title='bbox 234 785 321 820; x_wconf 67' lang='lat' dir='ltr'>etan·</span> <span class='ocrx_word' id='word_1_130' title='bbox 339 781 478 820; x_wconf 80' lang='lat' dir='ltr'>neceffe</span> <span class='ocrx_word' id='word_1_131' title='bbox 493 781 702 819; x_wconf 84' lang='lat' dir='ltr'>habeamus.</span> <span class='ocrx_word' id='word_1_132' title='bbox 724 781 829 819; x_wconf 87' lang='lat' dir='ltr'>Vnde</span> <span class='ocrx_word' id='word_1_133' title='bbox 841 784 952 820; x_wconf 87' lang='lat' dir='ltr'>etiam</span> <span class='ocrx_word' id='word_1_134' title='bbox 966 782 1204 833; x_wconf 85' lang='lat' dir='ltr'>consequitur</span> <span class='ocrx_word' id='word_1_135' title='bbox 1216 808 1225 824; x_wconf 88' lang='lat'><strong><em>‚</em></strong></span> <span class='ocrx_word' id='word_1_136' title='bbox 1239 778 1384 820; x_wconf 82' lang='lat' dir='ltr'>excussa</span> <span class='ocrx_word' id='word_1_137' title='bbox 1397 782 1528 820; x_wconf 80' lang='lat' dir='ltr'>desidia</span> 
     </span>
     <span class='ocr_line' id='line_1_22' title="bbox 233 829 1527 885; baseline -0.002 -12"><span class='ocrx_word' id='word_1_138' title='bbox 233 841 269 873; x_wconf 84' lang='lat'>&amp;</span> <span class='ocrx_word' id='word_1_139' title='bbox 283 836 494 876; x_wconf 85' lang='lat' dir='ltr'>securitate,</span> <span class='ocrx_word' id='word_1_140' title='bbox 509 836 659 872; x_wconf 82' lang='lat' dir='ltr'>intentis</span> <span class='ocrx_word' id='word_1_141' title='bbox 682 836 814 872; x_wconf 83' lang='lat' dir='ltr'>animis</span> <span class='ocrx_word' id='word_1_142' title='bbox 833 834 1060 885; x_wconf 87' lang='lat' dir='ltr'>vigilandum</span> <span class='ocrx_word' id='word_1_143' title='bbox 1085 829 1158 871; x_wconf 82' lang='lat' dir='ltr'>effe</span> <span class='ocrx_word' id='word_1_144' title='bbox 1172 847 1239 876; x_wconf 88' lang='lat' dir='ltr'>‚ne</span> <span class='ocrx_word' id='word_1_145' title='bbox 1253 835 1373 870; x_wconf 86' lang='lat' dir='ltr'>carnis</span> <span class='ocrx_word' id='word_1_146' title='bbox 1397 835 1527 871; x_wconf 84' lang='lat' dir='ltr'>nostrae</span> 
     </span>
     <span class='ocr_line' id='line_1_23' title="bbox 231 884 1527 926; baseline -0.001 -2"><span class='ocrx_word' id='word_1_147' title='bbox 231 887 362 924; x_wconf 83' lang='lat' dir='ltr'>insidiis</span> <span class='ocrx_word' id='word_1_148' title='bbox 385 889 525 926; x_wconf 85' lang='lat' dir='ltr'>incauti</span> <span class='ocrx_word' id='word_1_149' title='bbox 545 887 880 924; x_wconf 85' lang='lat' dir='ltr'>circunueniamur.</span> <span class='ocrx_word' id='word_1_150' title='bbox 902 887 983 924; x_wconf 84' lang='lat' dir='ltr'>Nifi</span> <span class='ocrx_word' id='word_1_151' title='bbox 1008 885 1105 924; x_wconf 76' lang='lat' dir='ltr'>forte</span> <span class='ocrx_word' id='word_1_152' title='bbox 1128 884 1347 924; x_wconf 77' lang='lat' dir='ltr'>confidimus</span> <span class='ocrx_word' id='word_1_153' title='bbox 1369 899 1434 923; x_wconf 89' lang='lat' dir='ltr'>nos</span> <span class='ocrx_word' id='word_1_154' title='bbox 1448 898 1527 923; x_wconf 87' lang='lat' dir='ltr'>ma—</span> 
     </span>
     <span class='ocr_line' id='line_1_24' title="bbox 230 936 1525 992; baseline -0.001 -16"><span class='ocrx_word' id='word_1_155' title='bbox 230 942 327 977; x_wconf 86' lang='lat' dir='ltr'>iores</span> <span class='ocrx_word' id='word_1_156' title='bbox 350 937 559 992; x_wconf 77' lang='lat' dir='ltr'>progress&#39;us</span> <span class='ocrx_word' id='word_1_157' title='bbox 580 937 705 976; x_wconf 84' lang='lat' dir='ltr'>feciffe</span> <span class='ocrx_word' id='word_1_158' title='bbox 725 936 835 990; x_wconf 72' lang='lat' dir='ltr'>quarn</span> <span class='ocrx_word' id='word_1_159' title='bbox 859 938 1183 989; x_wconf 86' lang='lat' dir='ltr'>Apostolum‚qui</span> <span class='ocrx_word' id='word_1_160' title='bbox 1198 947 1327 978; x_wconf 66' lang='lat' dir='ltr'>tamen</span> <span class='ocrx_word' id='word_1_161' title='bbox 1342 936 1525 989; x_wconf 84' lang='lat' dir='ltr'>fatigaba-</span> 
     </span>
     <span class='ocr_line' id='line_1_25' title="bbox 233 988 1526 1044; baseline -0.001 -15"><span class='ocrx_word' id='word_1_162' title='bbox 233 1004 289 1030; x_wconf 88' lang='lat' dir='ltr'>tur</span> <span class='ocrx_word' id='word_1_163' title='bbox 300 992 347 1029; x_wconf 90' lang='lat' dir='ltr'>ab</span> <span class='ocrx_word' id='word_1_164' title='bbox 370 992 506 1044; x_wconf 84' lang='lat' dir='ltr'>angelo</span> <span class='ocrx_word' id='word_1_165' title='bbox 523 995 664 1029; x_wconf 87' lang='lat' dir='ltr'>Satanae</span> <span class='ocrx_word' id='word_1_166' title='bbox 677 1018 688 1034; x_wconf 92' lang='lat'>,</span> <span class='ocrx_word' id='word_1_167' title='bbox 700 1004 774 1042; x_wconf 87' lang='lat' dir='ltr'>quo</span> <span class='ocrx_word' id='word_1_168' title='bbox 791 992 902 1028; x_wconf 85' lang='lat' dir='ltr'>virtus</span> <span class='ocrx_word' id='word_1_169' title='bbox 926 993 963 1028; x_wconf 89' lang='lat' dir='ltr'>in</span> <span class='ocrx_word' id='word_1_170' title='bbox 976 990 1190 1029; x_wconf 78' lang='lat' dir='ltr'>infirmitate</span> <span class='ocrx_word' id='word_1_171' title='bbox 1211 988 1470 1041; x_wconf 78' lang='lat' dir='ltr'>perficeretur:</span> <span class='ocrx_word' id='word_1_172' title='bbox 1487 994 1526 1028; x_wconf 85' lang='lat'>&amp;</span> 
     </span>
     <span class='ocr_line' id='line_1_26' title="bbox 231 1039 1524 1096; baseline -0.002 -14"><span class='ocrx_word' id='word_1_173' title='bbox 231 1044 407 1096; x_wconf 87' lang='lat' dir='ltr'>quiillam</span> <span class='ocrx_word' id='word_1_174' title='bbox 430 1047 543 1082; x_wconf 87' lang='lat' dir='ltr'>carnis</span> <span class='ocrx_word' id='word_1_175' title='bbox 559 1048 593 1082; x_wconf 87' lang='lat'>&amp;</span> <span class='ocrx_word' id='word_1_176' title='bbox 615 1043 759 1094; x_wconf 87' lang='lat' dir='ltr'>spiritus</span> <span class='ocrx_word' id='word_1_177' title='bbox 771 1043 989 1082; x_wconf 75' lang='lat' dir='ltr'>diuisionem</span> <span class='ocrx_word' id='word_1_178' title='bbox 1011 1046 1051 1080; x_wconf 89' lang='lat' dir='ltr'>in</span> <span class='ocrx_word' id='word_1_179' title='bbox 1063 1043 1124 1082; x_wconf 88' lang='lat' dir='ltr'>sua</span> <span class='ocrx_word' id='word_1_180' title='bbox 1147 1055 1257 1081; x_wconf 87' lang='lat' dir='ltr'>carne</span> <span class='ocrx_word' id='word_1_181' title='bbox 1279 1056 1356 1080; x_wconf 90' lang='lat' dir='ltr'>non</span> <span class='ocrx_word' id='word_1_182' title='bbox 1374 1039 1524 1081; x_wconf 63' lang='lat' dir='ltr'>fluere-</span> 
     </span>
     <span class='ocr_line' id='line_1_27' title="bbox 230 1096 484 1149; baseline -0.008 -15"><span class='ocrx_word' id='word_1_183' title='bbox 230 1096 484 1149; x_wconf 67' lang='lat' dir='ltr'>praesentabat.</span> 
     </span>
    </p>

    <p class='ocr_par' dir='ltr' id='par_1_4' title="bbox 226 1146 1523 2504">
     <span class='ocr_line' id='line_1_28' title="bbox 284 1146 1523 1200; baseline 0 -14"><span class='ocrx_word' id='word_1_184' title='bbox 284 1162 319 1198; x_wconf 85' lang='lat'>15</span> <span class='ocrx_word' id='word_1_185' title='bbox 373 1146 495 1200; x_wconf 69' lang='lat' dir='ltr'>Qod</span> <span class='ocrx_word' id='word_1_186' title='bbox 506 1160 629 1187; x_wconf 88' lang='lat' dir='ltr'>autem</span> <span class='ocrx_word' id='word_1_187' title='bbox 645 1151 672 1185; x_wconf 80' lang='lat' dir='ltr'>A</span> <span class='ocrx_word' id='word_1_188' title='bbox 682 1148 846 1200; x_wconf 81' lang='lat' dir='ltr'>postolus</span> <span class='ocrx_word' id='word_1_189' title='bbox 859 1150 897 1186; x_wconf 85' lang='lat' dir='ltr'>in</span> <span class='ocrx_word' id='word_1_190' title='bbox 914 1147 1157 1199; x_wconf 84' lang='lat' dir='ltr'>descriptione</span> <span class='ocrx_word' id='word_1_191' title='bbox 1171 1148 1374 1198; x_wconf 68' lang='lat' dir='ltr'>poenitetiae</span> <span class='ocrx_word' id='word_1_192' title='bbox 1386 1147 1523 1199; x_wconf 87' lang='lat' dir='ltr'>septem</span> 
     </span>
     <span class='ocr_line' id='line_1_29' title="bbox 229 1199 1523 1252; baseline 0 -14"><span class='ocrx_word' id='word_1_193' title='bbox 229 1202 309 1239; x_wconf 88' lang='lat' dir='ltr'>eius</span> <span class='ocrx_word' id='word_1_194' title='bbox 320 1200 380 1238; x_wconf 89' lang='lat' dir='ltr'>vel</span> <span class='ocrx_word' id='word_1_195' title='bbox 395 1202 527 1244; x_wconf 82' lang='lat' dir='ltr'>causas,</span> <span class='ocrx_word' id='word_1_196' title='bbox 542 1201 599 1238; x_wconf 91' lang='lat' dir='ltr'>vel</span> <span class='ocrx_word' id='word_1_197' title='bbox 615 1199 779 1241; x_wconf 63' lang='lat' dir='ltr'>effectus,</span> <span class='ocrx_word' id='word_1_198' title='bbox 793 1202 850 1238; x_wconf 90' lang='lat' dir='ltr'>vel</span> <span class='ocrx_word' id='word_1_199' title='bbox 862 1214 984 1252; x_wconf 82' lang='lat' dir='ltr'>partes</span> <span class='ocrx_word' id='word_1_200' title='bbox 997 1213 1205 1243; x_wconf 85' lang='lat' dir='ltr'>enumerat,</span> <span class='ocrx_word' id='word_1_201' title='bbox 1215 1200 1253 1238; x_wconf 89' lang='lat' dir='ltr'>id</span> <span class='ocrx_word' id='word_1_202' title='bbox 1265 1202 1406 1250; x_wconf 88' lang='lat' dir='ltr'>optima</span> <span class='ocrx_word' id='word_1_203' title='bbox 1418 1202 1523 1238; x_wconf 87' lang='lat' dir='ltr'>causa</span> 
     </span>
     <span class='ocr_line' id='line_1_30' title="bbox 227 1252 1523 1306; baseline -0.002 -15"><span class='ocrx_word' id='word_1_204' title='bbox 227 1253 330 1292; x_wconf 82' lang='lat' dir='ltr'>facit.</span> <span class='ocrx_word' id='word_1_205' title='bbox 341 1253 422 1291; x_wconf 88' lang='lat' dir='ltr'>sunt</span> <span class='ocrx_word' id='word_1_206' title='bbox 435 1266 559 1291; x_wconf 86' lang='lat' dir='ltr'>autem</span> <span class='ocrx_word' id='word_1_207' title='bbox 573 1253 727 1291; x_wconf 87' lang='lat' dir='ltr'>studium</span> <span class='ocrx_word' id='word_1_208' title='bbox 740 1266 801 1291; x_wconf 89' lang='lat' dir='ltr'>aut</span> <span class='ocrx_word' id='word_1_209' title='bbox 817 1253 1025 1295; x_wconf 82' lang='lat' dir='ltr'>solicitudo,</span> <span class='ocrx_word' id='word_1_210' title='bbox 1047 1252 1523 1306; x_wconf 84' lang='lat' dir='ltr'>excusatio,indignatio,ti-</span> 
     </span>
     <span class='ocr_line' id='line_1_31' title="bbox 226 1303 1520 1356; baseline -0.001 -13"><span class='ocrx_word' id='word_1_211' title='bbox 226 1319 324 1348; x_wconf 85' lang='lat' dir='ltr'>mor,</span> <span class='ocrx_word' id='word_1_212' title='bbox 341 1305 571 1346; x_wconf 82' lang='lat' dir='ltr'>desiderium,</span> <span class='ocrx_word' id='word_1_213' title='bbox 584 1306 700 1347; x_wconf 85' lang='lat' dir='ltr'>zelus,</span> <span class='ocrx_word' id='word_1_214' title='bbox 713 1306 882 1342; x_wconf 66' lang='lat' dir='ltr'>vindifta.</span> <span class='ocrx_word' id='word_1_215' title='bbox 908 1308 1042 1356; x_wconf 88' lang='lat' dir='ltr'>Neque</span> <span class='ocrx_word' id='word_1_216' title='bbox 1054 1303 1249 1342; x_wconf 82' lang='lat' dir='ltr'>absurdum</span> <span class='ocrx_word' id='word_1_217' title='bbox 1270 1304 1381 1341; x_wconf 87' lang='lat' dir='ltr'>videri</span> <span class='ocrx_word' id='word_1_218' title='bbox 1396 1303 1520 1346; x_wconf 83' lang='lat' dir='ltr'>debet.</span> 
     </span>
     <span class='ocr_line' id='line_1_32' title="bbox 228 1354 1519 1409; baseline -0.002 -14"><span class='ocrx_word' id='word_1_219' title='bbox 228 1356 329 1409; x_wconf 72' lang='lat' dir='ltr'>quod</span> <span class='ocrx_word' id='word_1_220' title='bbox 351 1358 508 1394; x_wconf 82' lang='lat' dir='ltr'>statuere</span> <span class='ocrx_word' id='word_1_221' title='bbox 533 1372 606 1395; x_wconf 86' lang='lat' dir='ltr'>non</span> <span class='ocrx_word' id='word_1_222' title='bbox 630 1358 750 1396; x_wconf 83' lang='lat' dir='ltr'>audeo</span> <span class='ocrx_word' id='word_1_223' title='bbox 769 1356 928 1395; x_wconf 84' lang='lat' dir='ltr'>causaene</span> <span class='ocrx_word' id='word_1_224' title='bbox 942 1371 988 1394; x_wconf 85' lang='lat' dir='ltr'>an</span> <span class='ocrx_word' id='word_1_225' title='bbox 1014 1356 1166 1395; x_wconf 67' lang='lat' dir='ltr'>estestus</span> <span class='ocrx_word' id='word_1_226' title='bbox 1188 1354 1323 1394; x_wconf 82' lang='lat' dir='ltr'>censeri</span> <span class='ocrx_word' id='word_1_227' title='bbox 1347 1356 1519 1395; x_wconf 83' lang='lat' dir='ltr'>debeant.</span> 
     </span>
     <span class='ocr_line' id='line_1_33' title="bbox 229 1405 1522 1460; baseline -0.001 -13"><span class='ocrx_word' id='word_1_228' title='bbox 229 1423 415 1457; x_wconf 72' lang='lat' dir='ltr'>vtrunque</span> <span class='ocrx_word' id='word_1_229' title='bbox 429 1412 525 1447; x_wconf 87' lang='lat' dir='ltr'>enirn</span> <span class='ocrx_word' id='word_1_230' title='bbox 540 1410 709 1460; x_wconf 85' lang='lat' dir='ltr'>disputari</span> <span class='ocrx_word' id='word_1_231' title='bbox 722 1412 854 1459; x_wconf 85' lang='lat' dir='ltr'>potest.</span> <span class='ocrx_word' id='word_1_232' title='bbox 880 1405 1028 1447; x_wconf 78' lang='lat' dir='ltr'>Possunt</span> <span class='ocrx_word' id='word_1_233' title='bbox 1042 1411 1155 1446; x_wconf 85' lang='lat' dir='ltr'>eriam</span> <span class='ocrx_word' id='word_1_234' title='bbox 1169 1411 1291 1446; x_wconf 92' lang='lat' dir='ltr'>vocari</span> <span class='ocrx_word' id='word_1_235' title='bbox 1302 1406 1522 1446; x_wconf 57' lang='lat' dir='ltr'>affectiones</span> 
     </span>
     <span class='ocr_line' id='line_1_34' title="bbox 229 1458 1521 1512; baseline -0.002 -13"><span class='ocrx_word' id='word_1_236' title='bbox 229 1475 315 1500; x_wconf 86' lang='lat' dir='ltr'>cum</span> <span class='ocrx_word' id='word_1_237' title='bbox 339 1465 556 1512; x_wconf 82' lang='lat' dir='ltr'>poeniteiitia</span> <span class='ocrx_word' id='word_1_238' title='bbox 577 1463 793 1500; x_wconf 67' lang='lat' dir='ltr'>coniun&amp;ae.</span> <span class='ocrx_word' id='word_1_239' title='bbox 818 1462 877 1499; x_wconf 89' lang='lat' dir='ltr'>sed</span> <span class='ocrx_word' id='word_1_240' title='bbox 893 1463 977 1511; x_wconf 85' lang='lat' dir='ltr'>quia</span> <span class='ocrx_word' id='word_1_241' title='bbox 999 1458 1138 1498; x_wconf 84' lang='lat' dir='ltr'>omissis</span> <span class='ocrx_word' id='word_1_242' title='bbox 1159 1460 1229 1504; x_wconf 80' lang='lat' dir='ltr'>illis</span> <span class='ocrx_word' id='word_1_243' title='bbox 1250 1459 1521 1511; x_wconf 83' lang='lat' dir='ltr'>quaestionibus,</span> 
     </span>
     <span class='ocr_line' id='line_1_35' title="bbox 228 1513 1520 1567; baseline -0.002 -15"><span class='ocrx_word' id='word_1_244' title='bbox 228 1514 445 1567; x_wconf 82' lang='lat' dir='ltr'>intelligere</span> <span class='ocrx_word' id='word_1_245' title='bbox 466 1514 550 1552; x_wconf 91' lang='lat' dir='ltr'>licet</span> <span class='ocrx_word' id='word_1_246' title='bbox 562 1514 645 1564; x_wconf 81' lang='lat' dir='ltr'>quid</span> <span class='ocrx_word' id='word_1_247' title='bbox 668 1514 798 1552; x_wconf 81' lang='lat' dir='ltr'>Paulus</span> <span class='ocrx_word' id='word_1_248' title='bbox 811 1513 899 1551; x_wconf 84' lang='lat' dir='ltr'>velit</span> <span class='ocrx_word' id='word_1_249' title='bbox 913 1541 923 1557; x_wconf 91' lang='lat'>,</span> <span class='ocrx_word' id='word_1_250' title='bbox 937 1513 1094 1564; x_wconf 74' lang='lat' dir='ltr'>simplici</span> <span class='ocrx_word' id='word_1_251' title='bbox 1108 1513 1333 1563; x_wconf 74' lang='lat' dir='ltr'>expositione</span> <span class='ocrx_word' id='word_1_252' title='bbox 1356 1514 1520 1550; x_wconf 79' lang='lat' dir='ltr'>contenti</span> 
     </span>
     <span class='ocr_line' id='line_1_36' title="bbox 231 1562 1520 1618; baseline -0.002 -14"><span class='ocrx_word' id='word_1_253' title='bbox 231 1569 379 1604; x_wconf 74' lang='lat' dir='ltr'>erimus.</span> <span class='ocrx_word' id='word_1_254' title='bbox 402 1568 503 1603; x_wconf 82' lang='lat' dir='ltr'>Dicit</span> <span class='ocrx_word' id='word_1_255' title='bbox 515 1580 606 1618; x_wconf 81' lang='lat' dir='ltr'>ergo</span> <span class='ocrx_word' id='word_1_256' title='bbox 621 1579 666 1604; x_wconf 83' lang='lat' dir='ltr'>ex</span> <span class='ocrx_word' id='word_1_257' title='bbox 683 1567 825 1604; x_wconf 83' lang='lat' dir='ltr'>tristitia</span> <span class='ocrx_word' id='word_1_258' title='bbox 846 1576 924 1610; x_wconf 81' lang='lat' dir='ltr'>quae</span> <span class='ocrx_word' id='word_1_259' title='bbox 938 1562 1133 1603; x_wconf 76' lang='lat' dir='ltr'>secundum</span> <span class='ocrx_word' id='word_1_260' title='bbox 1146 1568 1271 1602; x_wconf 87' lang='lat' dir='ltr'>Deum</span> <span class='ocrx_word' id='word_1_261' title='bbox 1284 1565 1333 1602; x_wconf 89' lang='lat' dir='ltr'>est</span> <span class='ocrx_word' id='word_1_262' title='bbox 1346 1592 1354 1604; x_wconf 83' lang='grc'>,</span> <span class='ocrx_word' id='word_1_263' title='bbox 1371 1566 1520 1601; x_wconf 79' lang='lat' dir='ltr'>excitari</span> 
     </span>
     <span class='ocr_line' id='line_1_37' title="bbox 230 1614 1520 1669; baseline -0.002 -13"><span class='ocrx_word' id='word_1_264' title='bbox 230 1616 512 1656; x_wconf 80' lang='lat' dir='ltr'>solicitudinem.</span> <span class='ocrx_word' id='word_1_265' title='bbox 538 1620 633 1656; x_wconf 86' lang='lat' dir='ltr'>Nam</span> <span class='ocrx_word' id='word_1_266' title='bbox 647 1622 708 1669; x_wconf 89' lang='lat' dir='ltr'>qui</span> <span class='ocrx_word' id='word_1_267' title='bbox 720 1619 814 1662; x_wconf 85' lang='lat' dir='ltr'>serio</span> <span class='ocrx_word' id='word_1_268' title='bbox 828 1616 1062 1666; x_wconf 81' lang='lat' dir='ltr'>displicentiae</span> <span class='ocrx_word' id='word_1_269' title='bbox 1084 1617 1185 1664; x_wconf 85' lang='lat' dir='ltr'>sensu</span> <span class='ocrx_word' id='word_1_270' title='bbox 1199 1619 1362 1669; x_wconf 83' lang='lat' dir='ltr'>tangitur</span> <span class='ocrx_word' id='word_1_271' title='bbox 1375 1614 1471 1667; x_wconf 70' lang='lat' dir='ltr'>quod</span> <span class='ocrx_word' id='word_1_272' title='bbox 1482 1618 1520 1654; x_wconf 89' lang='lat' dir='ltr'>in</span> 
     </span>
     <span class='ocr_line' id='line_1_38' title="bbox 232 1669 1518 1722; baseline -0.003 -13"><span class='ocrx_word' id='word_1_273' title='bbox 232 1673 357 1709; x_wconf 86' lang='lat' dir='ltr'>Deum</span> <span class='ocrx_word' id='word_1_274' title='bbox 371 1670 474 1708; x_wconf 86' lang='lat' dir='ltr'>suum</span> <span class='ocrx_word' id='word_1_275' title='bbox 489 1671 658 1720; x_wconf 72' lang='lat' dir='ltr'>peccarit.</span> <span class='ocrx_word' id='word_1_276' title='bbox 673 1671 777 1708; x_wconf 84' lang='lat' dir='ltr'>fimul</span> <span class='ocrx_word' id='word_1_277' title='bbox 789 1669 1026 1707; x_wconf 83' lang='lat' dir='ltr'>extimulatur</span> <span class='ocrx_word' id='word_1_278' title='bbox 1040 1669 1085 1706; x_wconf 89' lang='lat' dir='ltr'>ad</span> <span class='ocrx_word' id='word_1_279' title='bbox 1097 1670 1323 1722; x_wconf 74' lang='lat' dir='ltr'>diligentiam</span> <span class='ocrx_word' id='word_1_280' title='bbox 1343 1673 1377 1705; x_wconf 73' lang='grc' dir='ltr'>δε</span> <span class='ocrx_word' id='word_1_281' title='bbox 1392 1681 1518 1706; x_wconf 87' lang='lat' dir='ltr'>atten-</span> 
     </span>
     <span class='ocr_line' id='line_1_39' title="bbox 231 1720 1518 1773; baseline -0.002 -12"><span class='ocrx_word' id='word_1_282' title='bbox 231 1724 384 1764; x_wconf 80' lang='lat' dir='ltr'>tionem,</span> <span class='ocrx_word' id='word_1_283' title='bbox 400 1736 436 1760; x_wconf 79' lang='lat' dir='ltr'>vt</span> <span class='ocrx_word' id='word_1_284' title='bbox 448 1721 467 1760; x_wconf 72' lang='grc' dir='ltr'>ὲ,</span> <span class='ocrx_word' id='word_1_285' title='bbox 480 1723 628 1763; x_wconf 77' lang='lat' dir='ltr'>Diaboli</span> <span class='ocrx_word' id='word_1_286' title='bbox 642 1724 780 1771; x_wconf 79' lang='lat' dir='ltr'>laqueis</span> <span class='ocrx_word' id='word_1_287' title='bbox 796 1724 936 1773; x_wconf 73' lang='lat' dir='ltr'>penitus</span> <span class='ocrx_word' id='word_1_288' title='bbox 951 1722 984 1759; x_wconf 90' lang='lat' dir='ltr'>se</span> <span class='ocrx_word' id='word_1_289' title='bbox 998 1722 1156 1771; x_wconf 83' lang='lat' dir='ltr'>explicet</span> <span class='ocrx_word' id='word_1_290' title='bbox 1169 1750 1178 1765; x_wconf 96' lang='lat'>,</span> <span class='ocrx_word' id='word_1_291' title='bbox 1193 1734 1230 1760; x_wconf 90' lang='lat' dir='ltr'>vt</span> <span class='ocrx_word' id='word_1_292' title='bbox 1241 1720 1286 1759; x_wconf 89' lang='lat' dir='ltr'>ab</span> <span class='ocrx_word' id='word_1_293' title='bbox 1299 1723 1374 1759; x_wconf 86' lang='lat' dir='ltr'>eius</span> <span class='ocrx_word' id='word_1_294' title='bbox 1389 1721 1518 1758; x_wconf 80' lang='lat' dir='ltr'>infidiis</span> 
     </span>
     <span class='ocr_line' id='line_1_40' title="bbox 230 1772 1518 1825; baseline -0.002 -13"><span class='ocrx_word' id='word_1_295' title='bbox 230 1776 363 1816; x_wconf 82' lang='lat' dir='ltr'>melius</span> <span class='ocrx_word' id='word_1_296' title='bbox 377 1775 441 1812; x_wconf 84' lang='lat' dir='ltr'>fibi</span> <span class='ocrx_word' id='word_1_297' title='bbox 457 1788 584 1813; x_wconf 85' lang='lat' dir='ltr'>caueat</span> <span class='ocrx_word' id='word_1_298' title='bbox 595 1802 604 1817; x_wconf 84' lang='lat'>,</span> <span class='ocrx_word' id='word_1_299' title='bbox 620 1774 695 1813; x_wconf 66' lang='lat' dir='ltr'>nea</span> <span class='ocrx_word' id='word_1_300' title='bbox 711 1777 858 1824; x_wconf 78' lang='lat' dir='ltr'>Spiritus</span> <span class='ocrx_word' id='word_1_301' title='bbox 872 1773 982 1811; x_wconf 59' lang='lat' dir='ltr'>saneti·</span> <span class='ocrx_word' id='word_1_302' title='bbox 1003 1773 1276 1825; x_wconf 80' lang='lat' dir='ltr'>gubernatione</span> <span class='ocrx_word' id='word_1_303' title='bbox 1294 1772 1443 1823; x_wconf 80' lang='lat' dir='ltr'>posthac</span> <span class='ocrx_word' id='word_1_304' title='bbox 1454 1785 1518 1810; x_wconf 86' lang='lat' dir='ltr'>ex—</span> 
     </span>
     <span class='ocr_line' id='line_1_41' title="bbox 229 1823 1518 1877; baseline -0.002 -13"><span class='ocrx_word' id='word_1_305' title='bbox 229 1827 343 1870; x_wconf 81' lang='lat' dir='ltr'>cidat,</span> <span class='ocrx_word' id='word_1_306' title='bbox 358 1841 402 1864; x_wconf 90' lang='lat' dir='ltr'>ne</span> <span class='ocrx_word' id='word_1_307' title='bbox 416 1828 604 1865; x_wconf 76' lang='lat' dir='ltr'>securitate</span> <span class='ocrx_word' id='word_1_308' title='bbox 618 1830 856 1877; x_wconf 70' lang='lat' dir='ltr'>opprimatur.</span> <span class='ocrx_word' id='word_1_309' title='bbox 881 1828 1058 1864; x_wconf 82' lang='lat' dir='ltr'>Proxima</span> <span class='ocrx_word' id='word_1_310' title='bbox 1071 1827 1121 1864; x_wconf 88' lang='lat' dir='ltr'>est</span> <span class='ocrx_word' id='word_1_311' title='bbox 1133 1824 1321 1864; x_wconf 86' lang='lat' dir='ltr'>excusatio</span> <span class='ocrx_word' id='word_1_312' title='bbox 1333 1851 1342 1866; x_wconf 88' lang='lat'>‚</span> <span class='ocrx_word' id='word_1_313' title='bbox 1356 1837 1435 1874; x_wconf 82' lang='lat' dir='ltr'>quae</span> <span class='ocrx_word' id='word_1_314' title='bbox 1445 1823 1518 1862; x_wconf 80' lang='lat' dir='ltr'>hoc</span> 
     </span>
     <span class='ocr_line' id='line_1_42' title="bbox 228 1874 1515 1930; baseline -0.003 -14"><span class='ocrx_word' id='word_1_315' title='bbox 228 1880 316 1917; x_wconf 87' lang='lat' dir='ltr'>loco</span> <span class='ocrx_word' id='word_1_316' title='bbox 339 1894 411 1916; x_wconf 90' lang='lat' dir='ltr'>non</span> <span class='ocrx_word' id='word_1_317' title='bbox 437 1878 686 1917; x_wconf 75' lang='lat' dir='ltr'>desenfionem</span> <span class='ocrx_word' id='word_1_318' title='bbox 712 1878 887 1930; x_wconf 78' lang='lat' dir='ltr'>fignificat</span> <span class='ocrx_word' id='word_1_319' title='bbox 909 1892 978 1929; x_wconf 88' lang='lat' dir='ltr'>qua</span> <span class='ocrx_word' id='word_1_320' title='bbox 1002 1890 1174 1928; x_wconf 80' lang='lat' dir='ltr'>peccator</span> <span class='ocrx_word' id='word_1_321' title='bbox 1193 1877 1240 1915; x_wconf 88' lang='lat' dir='ltr'>ad</span> <span class='ocrx_word' id='word_1_322' title='bbox 1262 1874 1515 1928; x_wconf 85' lang='lat' dir='ltr'>effugiendum</span> 
     </span>
     <span class='ocr_line' id='line_1_43' title="bbox 227 1927 1515 1982; baseline -0.002 -13"><span class='ocrx_word' id='word_1_323' title='bbox 227 1932 487 1971; x_wconf 84' lang='lat' dir='ltr'>Deiiudiciurn</span> <span class='ocrx_word' id='word_1_324' title='bbox 505 1958 514 1973; x_wconf 87' lang='lat'><strong><em>‚</em></strong></span> <span class='ocrx_word' id='word_1_325' title='bbox 533 1932 589 1968; x_wconf 88' lang='lat' dir='ltr'>vel</span> <span class='ocrx_word' id='word_1_326' title='bbox 603 1933 637 1968; x_wconf 87' lang='lat' dir='ltr'>se</span> <span class='ocrx_word' id='word_1_327' title='bbox 660 1929 845 1981; x_wconf 73' lang='lat' dir='ltr'>deliquisse</span> <span class='ocrx_word' id='word_1_328' title='bbox 856 1943 988 1982; x_wconf 86' lang='lat' dir='ltr'>neget,</span> <span class='ocrx_word' id='word_1_329' title='bbox 1010 1930 1219 1980; x_wconf 88' lang='lat' dir='ltr'>velculpam</span> <span class='ocrx_word' id='word_1_330' title='bbox 1241 1941 1417 1968; x_wconf 83' lang='lat' dir='ltr'>extenuet</span> <span class='ocrx_word' id='word_1_331' title='bbox 1433 1927 1515 1966; x_wconf 83' lang='lat' dir='ltr'>:sed</span> 
     </span>
     <span class='ocr_line' id='line_1_44' title="bbox 229 1978 1514 2036; baseline -0.002 -16"><span class='ocrx_word' id='word_1_332' title='bbox 229 1986 489 2035; x_wconf 75' lang='lat' dir='ltr'>purgationem</span> <span class='ocrx_word' id='word_1_333' title='bbox 503 2011 512 2025; x_wconf 98' lang='lat'>,</span> <span class='ocrx_word' id='word_1_334' title='bbox 530 1997 606 2034; x_wconf 82' lang='lat' dir='ltr'>quae</span> <span class='ocrx_word' id='word_1_335' title='bbox 620 1986 656 2020; x_wconf 93' lang='lat' dir='ltr'>in</span> <span class='ocrx_word' id='word_1_336' title='bbox 679 1983 937 2032; x_wconf 85' lang='lat' dir='ltr'>deprecatione</span> <span class='ocrx_word' id='word_1_337' title='bbox 957 1984 1071 2036; x_wconf 82' lang='lat' dir='ltr'>magis</span> <span class='ocrx_word' id='word_1_338' title='bbox 1090 1982 1204 2032; x_wconf 76' lang='lat' dir='ltr'>polita</span> <span class='ocrx_word' id='word_1_339' title='bbox 1219 1981 1260 2018; x_wconf 82' lang='lat' dir='ltr'>fit</span> <span class='ocrx_word' id='word_1_340' title='bbox 1280 1978 1389 2030; x_wconf 60' lang='lat' dir='ltr'>quam</span> <span class='ocrx_word' id='word_1_341' title='bbox 1403 1982 1514 2018; x_wconf 65' lang='lat' dir='ltr'>causae</span> 
     </span>
     <span class='ocr_line' id='line_1_45' title="bbox 229 2032 1512 2087; baseline -0.002 -15"><span class='ocrx_word' id='word_1_342' title='bbox 229 2035 373 2077; x_wconf 78' lang='lat' dir='ltr'>fiducia.</span> <span class='ocrx_word' id='word_1_343' title='bbox 397 2037 574 2087; x_wconf 57' lang='lat' dir='ltr'>Qualiter</span> <span class='ocrx_word' id='word_1_344' title='bbox 589 2035 654 2075; x_wconf 81' lang='lat' dir='ltr'>filii</span> <span class='ocrx_word' id='word_1_345' title='bbox 676 2050 753 2072; x_wconf 88' lang='lat' dir='ltr'>non</span> <span class='ocrx_word' id='word_1_346' title='bbox 766 2036 919 2085; x_wconf 82' lang='lat' dir='ltr'>reprobi</span> <span class='ocrx_word' id='word_1_347' title='bbox 941 2035 1026 2076; x_wconf 84' lang='lat' dir='ltr'>dum</span> <span class='ocrx_word' id='word_1_348' title='bbox 1043 2045 1163 2072; x_wconf 84' lang='lat' dir='ltr'>errata</span> <span class='ocrx_word' id='word_1_349' title='bbox 1184 2033 1243 2071; x_wconf 84' lang='lat' dir='ltr'>sua</span> <span class='ocrx_word' id='word_1_350' title='bbox 1254 2032 1453 2083; x_wconf 83' lang='lat' dir='ltr'>agnoscunt</span> <span class='ocrx_word' id='word_1_351' title='bbox 1476 2038 1512 2070; x_wconf 86' lang='lat'>&amp;</span> 
     </span>
     <span class='ocr_line' id='line_1_46' title="bbox 229 2085 1512 2136; baseline -0.002 -12"><span class='ocrx_word' id='word_1_352' title='bbox 229 2087 454 2124; x_wconf 77' lang='lat' dir='ltr'>confitentur</span> <span class='ocrx_word' id='word_1_353' title='bbox 467 2114 476 2127; x_wconf 88' lang='lat'>,</span> <span class='ocrx_word' id='word_1_354' title='bbox 494 2088 790 2136; x_wconf 83' lang='lat' dir='ltr'>deprecationem</span> <span class='ocrx_word' id='word_1_355' title='bbox 814 2101 935 2125; x_wconf 85' lang='lat' dir='ltr'>tamen</span> <span class='ocrx_word' id='word_1_356' title='bbox 948 2085 1134 2124; x_wconf 82' lang='lat' dir='ltr'>adhibent.</span> <span class='ocrx_word' id='word_1_357' title='bbox 1157 2098 1269 2135; x_wconf 84' lang='lat' dir='ltr'>atque</span> <span class='ocrx_word' id='word_1_358' title='bbox 1282 2098 1319 2122; x_wconf 89' lang='lat' dir='ltr'>vt</span> <span class='ocrx_word' id='word_1_359' title='bbox 1331 2098 1373 2122; x_wconf 88' lang='lat' dir='ltr'>ea</span> <span class='ocrx_word' id='word_1_360' title='bbox 1387 2085 1512 2122; x_wconf 89' lang='lat' dir='ltr'>locum</span> 
     </span>
     <span class='ocr_line' id='line_1_47' title="bbox 227 2134 1511 2189; baseline -0.002 -12"><span class='ocrx_word' id='word_1_361' title='bbox 227 2139 380 2181; x_wconf 72' lang='lat' dir='ltr'>habear,</span> <span class='ocrx_word' id='word_1_362' title='bbox 392 2142 519 2189; x_wconf 77' lang='lat' dir='ltr'>quibus</span> <span class='ocrx_word' id='word_1_363' title='bbox 533 2135 678 2188; x_wconf 70' lang='lat' dir='ltr'>possunt</span> <span class='ocrx_word' id='word_1_364' title='bbox 692 2140 812 2176; x_wconf 86' lang='lat' dir='ltr'>modis</span> <span class='ocrx_word' id='word_1_365' title='bbox 825 2141 1002 2181; x_wconf 81' lang='lat' dir='ltr'>testantur</span> <span class='ocrx_word' id='word_1_366' title='bbox 1014 2166 1023 2181; x_wconf 91' lang='lat'>,</span> <span class='ocrx_word' id='word_1_367' title='bbox 1039 2139 1073 2176; x_wconf 91' lang='lat' dir='ltr'>se</span> <span class='ocrx_word' id='word_1_368' title='bbox 1085 2135 1235 2175; x_wconf 73' lang='lat' dir='ltr'>minime</span> <span class='ocrx_word' id='word_1_369' title='bbox 1249 2134 1416 2174; x_wconf 80' lang='lat' dir='ltr'>abiecisse</span> <span class='ocrx_word' id='word_1_370' title='bbox 1430 2149 1511 2174; x_wconf 88' lang='lat' dir='ltr'>eam</span> 
     </span>
     <span class='ocr_line' id='line_1_48' title="bbox 228 2188 1512 2243; baseline -0.001 -16"><span class='ocrx_word' id='word_1_371' title='bbox 228 2204 340 2243; x_wconf 78' lang='lat' dir='ltr'>quam</span> <span class='ocrx_word' id='word_1_372' title='bbox 354 2192 564 2241; x_wconf 57' lang='lat' dir='ltr'>parenii&#39;out</span> <span class='ocrx_word' id='word_1_373' title='bbox 578 2192 712 2229; x_wconf 80' lang='lat' dir='ltr'>debent</span> <span class='ocrx_word' id='word_1_374' title='bbox 724 2193 970 2229; x_wconf 86' lang='lat' dir='ltr'>reuerentiam</span> <span class='ocrx_word' id='word_1_375' title='bbox 985 2205 993 2227; x_wconf 88' lang='lat'>:</span> <span class='ocrx_word' id='word_1_376' title='bbox 1009 2190 1168 2239; x_wconf 84' lang='lat' dir='ltr'>denique</span> <span class='ocrx_word' id='word_1_377' title='bbox 1182 2190 1226 2227; x_wconf 83' lang='lat' dir='ltr'>fic</span> <span class='ocrx_word' id='word_1_378' title='bbox 1239 2188 1423 2233; x_wconf 81' lang='lat' dir='ltr'>excusant,</span> <span class='ocrx_word' id='word_1_379' title='bbox 1437 2203 1512 2226; x_wconf 87' lang='lat' dir='ltr'>non</span> 
     </span>
     <span class='ocr_line' id='line_1_49' title="bbox 229 2239 1511 2294; baseline -0.002 -14"><span class='ocrx_word' id='word_1_380' title='bbox 229 2257 266 2280; x_wconf 80' lang='lat' dir='ltr'>vt</span> <span class='ocrx_word' id='word_1_381' title='bbox 279 2245 314 2281; x_wconf 89' lang='lat' dir='ltr'>se</span> <span class='ocrx_word' id='word_1_382' title='bbox 329 2245 437 2281; x_wconf 77' lang='lat' dir='ltr'>iustos</span> <span class='ocrx_word' id='word_1_383' title='bbox 451 2242 520 2281; x_wconf 71' lang='lat' dir='ltr'>ess&#39;t·</span> <span class='ocrx_word' id='word_1_384' title='bbox 532 2256 573 2280; x_wconf 91' lang='lat' dir='ltr'>ac</span> <span class='ocrx_word' id='word_1_385' title='bbox 584 2247 800 2280; x_wconf 84' lang='lat' dir='ltr'>innocentes</span> <span class='ocrx_word' id='word_1_386' title='bbox 813 2242 992 2294; x_wconf 82' lang='lat' dir='ltr'>probent,</span> <span class='ocrx_word' id='word_1_387' title='bbox 1004 2240 1064 2279; x_wconf 88' lang='lat' dir='ltr'>sed</span> <span class='ocrx_word' id='word_1_388' title='bbox 1077 2239 1217 2280; x_wconf 78' lang='lat' dir='ltr'>tantum</span> <span class='ocrx_word' id='word_1_389' title='bbox 1234 2254 1271 2279; x_wconf 91' lang='lat' dir='ltr'>vt</span> <span class='ocrx_word' id='word_1_390' title='bbox 1286 2245 1426 2279; x_wconf 85' lang='lat' dir='ltr'>veniam</span> <span class='ocrx_word' id='word_1_391' title='bbox 1440 2241 1511 2278; x_wconf 84' lang='lat' dir='ltr'>ob-</span> 
     </span>
     <span class='ocr_line' id='line_1_50' title="bbox 227 2291 1510 2349; baseline -0.002 -17"><span class='ocrx_word' id='word_1_392' title='bbox 227 2297 381 2333; x_wconf 86' lang='lat' dir='ltr'>tineant.</span> <span class='ocrx_word' id='word_1_393' title='bbox 393 2300 556 2345; x_wconf 50' lang='lat' dir='ltr'>Sequitur</span> <span class='ocrx_word' id='word_1_394' title='bbox 570 2296 784 2349; x_wconf 78' lang='lat' dir='ltr'>indignatio,</span> <span class='ocrx_word' id='word_1_395' title='bbox 796 2308 864 2344; x_wconf 86' lang='lat' dir='ltr'>qua</span> <span class='ocrx_word' id='word_1_396' title='bbox 876 2307 1045 2345; x_wconf 84' lang='lat' dir='ltr'>peccator</span> <span class='ocrx_word' id='word_1_397' title='bbox 1059 2294 1178 2332; x_wconf 88' lang='lat' dir='ltr'>secum</span> <span class='ocrx_word' id='word_1_398' title='bbox 1193 2295 1290 2331; x_wconf 85' lang='lat' dir='ltr'>intus</span> <span class='ocrx_word' id='word_1_399' title='bbox 1307 2293 1442 2336; x_wconf 85' lang='lat' dir='ltr'>fremit,</span> <span class='ocrx_word' id='word_1_400' title='bbox 1457 2291 1510 2330; x_wconf 89' lang='lat' dir='ltr'>se·-</span> 
     </span>
     <span class='ocr_line' id='line_1_51' title="bbox 227 2344 1509 2397; baseline 0 -13"><span class='ocrx_word' id='word_1_401' title='bbox 227 2361 309 2384; x_wconf 88' lang='lat' dir='ltr'>cum</span> <span class='ocrx_word' id='word_1_402' title='bbox 324 2348 526 2397; x_wconf 70' lang='lat' dir='ltr'>expostulat</span> <span class='ocrx_word' id='word_1_403' title='bbox 540 2376 548 2389; x_wconf 89' lang='lat'>,</span> <span class='ocrx_word' id='word_1_404' title='bbox 563 2348 626 2384; x_wconf 70' lang='lat' dir='ltr'>fibi</span> <span class='ocrx_word' id='word_1_405' title='bbox 639 2347 797 2385; x_wconf 84' lang='lat' dir='ltr'>irascitur</span> <span class='ocrx_word' id='word_1_406' title='bbox 812 2375 821 2389; x_wconf 93' lang='lat'>,</span> <span class='ocrx_word' id='word_1_407' title='bbox 835 2347 918 2385; x_wconf 87' lang='lat' dir='ltr'>dum</span> <span class='ocrx_word' id='word_1_408' title='bbox 935 2347 1032 2391; x_wconf 78' lang='lat' dir='ltr'>suam</span> <span class='ocrx_word' id='word_1_409' title='bbox 1049 2346 1323 2397; x_wconf 83' lang='lat' dir='ltr'>peruersitatem</span> <span class='ocrx_word' id='word_1_410' title='bbox 1335 2344 1509 2397; x_wconf 66' lang='lat' dir='ltr'>suamque</span> 
     </span>
     <span class='ocr_line' id='line_1_52' title="bbox 226 2394 1507 2453; baseline -0.001 -18"><span class='ocrx_word' id='word_1_411' title='bbox 226 2401 263 2435; x_wconf 83' lang='lat' dir='ltr'>in</span> <span class='ocrx_word' id='word_1_412' title='bbox 278 2403 400 2436; x_wconf 84' lang='lat' dir='ltr'>Deum</span> <span class='ocrx_word' id='word_1_413' title='bbox 422 2397 733 2451; x_wconf 72' lang='lat' dir='ltr'>ingratitudinem</span> <span class='ocrx_word' id='word_1_414' title='bbox 745 2394 986 2453; x_wconf 68' lang='lat' dir='ltr'>recognoscit.</span> <span class='ocrx_word' id='word_1_415' title='bbox 1008 2400 1174 2436; x_wconf 79' lang='lat' dir='ltr'>Tiinori&#39;s</span> <span class='ocrx_word' id='word_1_416' title='bbox 1197 2400 1349 2436; x_wconf 85' lang='lat' dir='ltr'>nomine</span> <span class='ocrx_word' id='word_1_417' title='bbox 1373 2399 1507 2436; x_wconf 84' lang='lat' dir='ltr'>intelli-</span> 
     </span>
     <span class='ocr_line' id='line_1_53' title="bbox 226 2451 1505 2504; baseline 0 -18"><span class='ocrx_word' id='word_1_418' title='bbox 226 2451 392 2501; x_wconf 73' lang='lat' dir='ltr'>gitillam</span> <span class='ocrx_word' id='word_1_419' title='bbox 408 2452 696 2504; x_wconf 75' lang='lat' dir='ltr'>trepidationem</span> <span class='ocrx_word' id='word_1_420' title='bbox 717 2464 795 2501; x_wconf 76' lang='lat' dir='ltr'>qua:</span> <span class='ocrx_word' id='word_1_421' title='bbox 808 2452 993 2490; x_wconf 82' lang='lat' dir='ltr'>mentibus</span> <span class='ocrx_word' id='word_1_422' title='bbox 1010 2452 1136 2489; x_wconf 75' lang='lat' dir='ltr'>nostris</span> <span class='ocrx_word' id='word_1_423' title='bbox 1150 2453 1326 2489; x_wconf 84' lang='lat' dir='ltr'>incutitur</span> <span class='ocrx_word' id='word_1_424' title='bbox 1339 2477 1348 2495; x_wconf 88' lang='lat'><em>‚</em></span> <span class='ocrx_word' id='word_1_425' title='bbox 1361 2453 1505 2502; x_wconf 79' lang='lat' dir='ltr'>quoties</span> 
     </span>
    </p>

    <p class='ocr_par' dir='ltr' id='par_1_5' title="bbox 1379 2514 1505 2553">
     <span class='ocr_line' id='line_1_54' title="bbox 1379 2514 1505 2553; baseline -0.016 -13"><span class='ocrx_word' id='word_1_426' title='bbox 1379 2514 1505 2553; x_wconf 74' lang='lat' dir='ltr'>cogita</span> 
     </span>
    </p>
   </div>
  </div>
 </body>
</html>
