1591 2775
64 503 213 550 Galat14.

63 551 140 592 (128

65 612 163 644 Rom.
183 621 218 656 4.

70 657 142 697 Lu

230 22 303 54 ιω
570 12 790 53 ‘cinni
844 10 1152 66 QVARTi

228 79 540 130 §ircuncifionem
550 80 788 126 inserebatur,
800 80 1001 132 spirituale:
1013 85 1101 122 noui
1116 83 1346 122 Testamenti
1358 82 1516 123 infantes

228 128 398 188 figuraffe
409 159 420 177 ,
432 135 493 184 qui
504 135 575 171 Dei
586 133 701 172 verbo
711 138 918 186 regenerati
928 137 995 174 {int
1005 135 1049 174 ad
1063 139 1172 174 vitam
1185 131 1449 174 immortalem.
1471 140 1513 174 In

228 186 358 236 quibus
370 185 488 223 verbis
507 188 676 239 exiguam
687 188 838 238 quidem
850 189 1015 226 veritatis
1028 187 1216 226 scintillam
1229 190 1367 226 intuem
1374 202 1414 226 ur
1431 203 1440 225 :
1455 186 1517 226 sed

226 240 265 275 in
280 236 352 274 hoc
362 239 525 288 grauiter
535 239 662 289 peccit
673 236 774 276 leues
785 239 843 278 isti
855 240 1116 291 spiritus‚quod
1127 241 1212 277 dum
1225 243 1403 290 arripiunt
1415 243 1517 290 quic-

230 288 315 339 quid
328 287 448 339 primo
459 291 498 327 in
509 303 657 328 manum
670 290 741 327 illis
757 293 858 329 venit
872 319 882 335 ‚
902 293 959 330 vbi
972 290 1064 330 vitrei
1076 290 1381 343 progrediendum
1403 289 1517 335 foret,

222 339 269 378 ’δε
283 343 399 379 multa
411 344 501 379 inter
515 342 549 380 se
559 341 802 386 conferenda,
825 345 862 380 in
881 345 1031 382 verbum
1056 357 1167 382 vnum
1191 344 1523 395 pertinaciterinfi-

231 394 342 431 stunt.
355 393 458 432 Vnde
469 392 550 431 fieri
561 395 666 432 ahter
677 397 806 444 nequit
817 397 906 445 quin
921 395 1074 434 subinde
1083 396 1354 434 hallucinentur
1365 410 1375 434 ε
1388 399 1469 446 quia
1480 397 1520 432 in

234 446 366 484 nullius
387 447 440 483 rei
453 445 605 484 solidam
625 450 879 499 cognitionem
899 449 1127 486 incumbunt.
1152 449 1321 486 Fatemur
1333 444 1431 486 certe
1444 460 1522 485 car-

232 498 317 534 nale
333 498 488 535 Abrahae
501 497 621 535 semen
635 498 757 546 locum
770 499 814 535 ad
838 512 983 551 teinpus
996 497 1148 539 tenuisse
1172 500 1361 552 spiritualis
1376 500 1520 538 seminis

233 549 333 600 quod
346 563 408 601 per
418 548 532 587 fidem
544 549 597 586 illi
607 550 788 588 inseritur.
803 551 904 589 Illius
917 554 1012 590 enim
1027 551 1095 590 filii
1107 565 1356 604 nuncupamur
1368 579 1378 595 ‚
1395 564 1517 590 vrcun-

236 615 306 652 que
318 602 417 639 nulla
430 615 514 639 cum
527 602 595 640 illo
610 602 718 640 nobis
732 604 909 640 naturalis
927 607 1104 655 cognatio
1115 604 1330 642 intercedat.
1346 600 1484 643 Verum
1497 602 1524 641 fi

234 655 449 707 intelligunt
463 681 472 697 ,
494 653 596 705 quod
608 668 683 691 non
694 650 845 692 obscure
859 655 1110 694 demonstrant
1120 683 1129 700 ‚
1150 657 1284 694 carnali
1302 656 1455 694 Abrahae
1469 657 1523 693 se-

196 733 201 737 ·
233 710 525 753 mininunquam
542 705 766 757 spiritualem
790 708 1173 746 Deibenediffionem
1198 705 1437 759 promissam,
1461 706 1523 745 hic

66 1282 158 1314 Mat.
185 1281 219 1315 8.

62 1328 132 1367 &11

65 1550 205 1589 ἔασας.

67 1610 118 1646 ως

64 1737 194 1778 Rom.4.

62 1782 139 1822 ὗαο

68 2181 211 2232 ephes}

68 2245 136 2280 ⁶³4

234 759 327 797 vero
339 755 452 812 longe
465 756 816 796 fallunturfflxoinde
827 761 862 795 in
877 759 1073 798 meliorem
1089 763 1236 811 scopum
1249 760 1441 798 collimare
1454 772 1523 798 nos

233 811 461 860 oportetzad
483 823 593 860 quem
615 807 815 848 certiffimo
838 813 1027 862 Scripturae
1041 812 1149 851 duE’cu
1175 812 1374 868 dirigimur.
1392 814 1524 849 Domi·

233 875 300 899 nus
314 876 404 915 ergo
428 861 581 899 Abrahae
593 863 790 913 pollicetur
808 860 976 901 futurum
999 864 1055 901 illi
1075 863 1202 902 semen
1217 866 1254 901 in
1275 877 1348 914 quo
1370 862 1525 902 benedi-

236 913 359 952 cendae
371 916 438 952 fint
450 927 577 952 omnes
589 927 693 952 terrae
705 916 874 952 nationes
889 929 897 952 :
912 928 952 952 ac
965 915 1068 954 timul
1081 915 1195 954 fidem
1208 915 1293 959 dat,
1306 913 1341 954 se
1354 916 1407 954 illi
1422 921 1455 954 δε
1470 917 1526 953 se-

236 968 331 1004 mini
344 968 418 1004 eius
430 967 466 1003 in
478 969 600 1004 Deum
615 966 709 1005 fore.
733 968 959 1020 Qicunque
977 967 1163 1007 Christum
1184 968 1449 1007 benedictionis
1460 981 1529 1005 au-

237 1018 385 1056 thorem
397 1018 470 1056 fide
481 1021 660 1069 recipiunt
673 1046 683 1061 ‚
695 1019 800 1057 huius
819 1019 1066 1070 promissionis
1081 1021 1160 1059 sunt
1172 1019 1331 1059 haeredes
1345 1046 1353 1055 .
1365 1019 1527 1072 ideoque

234 1070 390 1110 Abrahae
403 1069 467 1107 filii
478 1074 733 1110 nominantur.
1355 1118 1359 1122 ι

286 1136 321 1171 13
373 1123 603 1174 Qanquam
615 1136 740 1162 autem
752 1124 973 1173 postChristi
986 1125 1304 1167 resurrefflonem,
1318 1123 1407 1162 fines
1420 1123 1525 1176 regni

234 1176 312 1214 Dei
324 1173 440 1230 longe
468 1174 610 1225 late‘que
631 1178 668 1213 in
691 1177 867 1226 quassibet
882 1180 1049 1214 nationes
1070 1177 1382 1215 indiscriminatim
1395 1190 1527 1228 proro-

233 1230 312 1279 gari
323 1239 538 1277 coeperunt,
559 1225 798 1265 vtsecundsim
811 1228 1168 1268 Christisententiam
1185 1256 1194 1272 ‚
1220 1228 1457 1280 vndequaque
1477 1225 1533 1265 fi·
1590 1226 1591 1236 ¹

238 1280 335 1316 deles
348 1279 614 1330 colligerentur
626 1282 688 1330 qui
700 1282 737 1316 in
749 1280 870 1333 gloria
891 1282 1294 1319 caelesti‘accumberent
1303 1294 1386 1318 cum
1410 1281 1529 1319 Abra-

236 1331 490 1375 ham‚1saac,&
507 1331 633 1369 Iacob:
644 1333 770 1370 multis
783 1345 907 1370 tamen
919 1330 1003 1371 ante
1016 1333 1142 1370 seculis
1158 1336 1234 1371 tata
1246 1332 1308 1369 illa
1318 1332 1529 1371 misericor·
1588 1336 1589 1349 ¹

236 1383 439 1422 dialudaeos
449 1384 664 1434 complexus
677 1381 861 1422 fuerat.Et
873 1387 958 1435 quia
969 1387 1105 1422 cunetis
1119 1385 1198 1422 aliis
1211 1387 1399 1434 praeteritis
1415 1396 1527 1421 vnam

234 1434 326 1473 hanc
338 1448 491 1487 gentem
505 1435 683 1489 selegerat
694 1437 731 1473 in
744 1449 814 1486 qua
826 1439 980 1487 gratiam
1006 1437 1106 1474 sunm
1120 1451 1187 1487 pro
1210 1448 1282 1474 tem
1290 1449 1381 1487 pore
1401 1438 1525 1474 conti-

238 1489 544 1537 neretzpeculium
556 1489 662 1526 suum
677 1493 712 1525 δε
726 1489 907 1538 populum
921 1488 1137 1538 acquisitum
1150 1487 1310 1525 dicebat.
1324 1487 1382 1525 Ad
1393 1489 1528 1526 testan-

236 1538 321 1577 dam
334 1538 515 1577 eiusmodi
527 1538 810 1578 beneficentiam
823 1540 904 1578 dara
920 1539 987 1578 fuit
999 1541 1224 1582 circuncifio,
1237 1542 1339 1577 cuius
1352 1540 1528 1590 symbolo

237 1592 457 1629 docerentur
467 1591 578 1630 ludaei
590 1619 601 1634 ‚
611 1595 733 1630 Deum
745 1592 807 1629 fibi
822 1589 895 1630 effe
908 1593 1031 1630 salutis
1045 1592 1245 1642 praefidem.
1257 1605 1328 1643 qua
1339 1595 1527 1644 cognitio-

237 1658 281 1682 ne
294 1646 330 1681 in
343 1644 442 1694 spem
454 1646 535 1682 vitae
547 1656 689 1682 aeternae
703 1645 941 1695 erigebantur
952 1658 1081 1682 eorum
1094 1647 1219 1682 animi.
1232 1644 1341 1694 Qid
1356 1648 1452 1681 enim
1463 1644 1529 1682 de-

236 1696 402 1734 futurum
417 1698 466 1735 est
482 1699 514 1733 ei
528 1710 637 1747 quem
653 1695 766 1734 semel
777 1699 813 1734 in
827 1696 938 1735 fidem
951 1699 1052 1734 Deus
1062 1698 1242 1747 acceperit
1255 1706 1265 1734 ἓ
1276 1698 1410 1748 Qare
1424 1700 1528 1747 Apo-

236 1748 587 1799 stolus,probaturus
602 1750 770 1787 Gentiles
784 1747 852 1787 νιιὲι
862 1762 944 1786 cum
960 1748 1088 1786 Iudaeis
1105 1747 1176 1786 effe
1192 1748 1343 1786 Abrahae
1357 1746 1455 1786 filios
1467 1775 1477 1790 ,
1489 1750 1527 1785 in

238 1801 330 1839 hanc
339 1800 500 1839 formam
514 1801 698 1852 loquitur:
713 1800 901 1840 Abraham
913 1828 923 1844 ‚
944 1804 1064 1852 inquit
1076 1828 1086 1845 ,
1098 1798 1172 1838 fide
1184 1798 1395 1838 iustificatus
1409 1799 1478 1837 fuit
1489 1800 1528 1838 in

236 1856 429 1906 praeputio.
451 1853 536 1892 Post
546 1854 689 1910 signum
703 1856 843 1904 accepit
855 1851 1118 1892 circuncisionis
1132 1880 1142 1897 ,
1157 1852 1313 1904 [Igilium
1325 1852 1468 1890 iustitiae
1481 1850 1528 1889 fi-

237 1906 295 1943 dei
312 1932 321 1949 ‚
343 1919 379 1943 vt
390 1918 490 1956 pater
503 1902 591 1944 effer
602 1909 772 1944 oninium
785 1906 948 1944 fidelium
966 1910 997 1944 δε
1015 1906 1182 1957 praeputii
1196 1909 1227 1942 δι
1243 1903 1527 1948 circuncisionis,

237 1972 312 1997 non
327 1972 455 1995 eorum
476 1961 538 2010 qui
550 1959 626 1996 sola
650 1959 912 1997 circumcisione
924 1958 1127 2010 gloriantur
1138 1985 1147 2001 ,
1174 1955 1233 1995 sed
1254 1958 1313 2006 qui
1327 1957 1528 2007 sequuntur
1559 1994 1561 1996 .

238 2010 349 2049 fidem
363 2024 471 2062 quam
486 2023 586 2060 pater
599 2013 721 2048 noster
734 2010 917 2048 Abraham
931 2016 968 2048 in
982 2012 1162 2060 praeputio
1173 2009 1453 2046 habuitAnnon
1466 2010 1526 2046 vi-

237 2063 363 2100 demus
378 2063 556 2118 dtgnitate
570 2061 738 2113 vtrosque
750 2063 925 2113 adaequari
939 2073 949 2101 ἓ
962 2065 1062 2101 Nam
1075 2062 1118 2098 ad
1130 2074 1271 2109 tempus
1287 2062 1358 2097 Dei
1369 2059 1518 2098 decreto

239 2117 489 2156 constitutum,
506 2128 605 2165 pater
616 2112 683 2152 fuit
700 2116 992 2152 Circuncifionis.
1006 2113 1216 2154 Vbi.dirut0
1229 2115 1519 2162 pariete(quem-

240 2166 440 2205 admodum
453 2169 541 2205 alibi
555 2167 676 2204 scribit
699 2169 896 2214 Apostolus
910 2167 925 2213 )
939 2180 1013 2218 quo
1039 2169 1177 2203 Gentes
1189 2166 1207 2201 ὲ
1222 2164 1345 2202 ludaeis
1356 2164 1521 2202 secerne·

239 2220 385 2264 bantur,
400 2220 470 2258 illis
485 2232 633 2270 quoque
647 2218 845 2269 patefacitis
861 2219 980 2257 aditus
993 2217 1061 2256 fuit
1073 2219 1108 2254 in
1123 2229 1277 2269 regnum
1297 2220 1394 2259 Dei,
1406 2215 1520 2261 factus

240 2275 289 2311 est
302 2272 450 2310 illorum
462 2285 576 2323 pater.
588 2269 697 2321 idque
713 2275 800 2307 citra
812 2273 1075 2308 circuncisionis
1095 2269 1235 2323 figuum
1249 2284 1256 2303 z
1268 2268 1364 2319 quod
1384 2268 1522 2318 Baptis—

240 2338 344 2363 mum
357 2326 434 2362 vice
446 2324 710 2362 circuncisionis
724 2323 871 2361 habent.
894 2324 1013 2374 Qod
1025 2335 1149 2360 autem
1160 2323 1379 2358 nominarim
1405 2322 1522 2358 Abra-

239 2378 325 2415 bam
338 2379 379 2415 iis
393 2375 462 2415 effe
477 2389 619 2428 patrem
633 2389 678 2413 ne
708 2388 744 2414 at
757 2380 817 2426 qui
831 2376 908 2414 sunt
921 2389 961 2413 ex
974 2375 1227 2412 circunciiione
1241 2369 1438 2415 tanturmid
1451 2386 1518 2423 po-

238 2430 345 2471 situm
364 2431 417 2469 est
431 2430 476 2469 ad
496 2429 672 2469 retunden
698 2442 760 2468 um
783 2429 1017 2476 quorundam
1037 2427 1270 2479 supercilium
1283 2453 1295 2473 ‚
1316 2423 1520 2484 quiomissJa

1374 2489 1521 2529 pietatis

622 2549 629 2556 ι
