1591 2775
457 0 708 62 emti—
770 0 932 61 xx'..
1265 29 1330 67 579

52 93 137 134 data
148 94 249 133 Iubet
260 108 324 132 nos
341 105 422 133 toto
433 95 512 132 vitae
524 91 624 131 cursu
636 91 681 130 ad
692 105 811 130 reatus
822 92 1120 142 deprecationem
1144 88 1328 143 confuge-

52 149 235 199 re,q'uibus
248 146 456 185 tolerabiles
469 158 575 183 erunt
586 148 674 182 noui
688 145 845 196 magistri
857 170 866 184 ,
888 144 949 194 qui
961 142 1130 193 perfectae
1149 145 1328 180 innocen-

55 203 114 238 tiae
127 199 497 250 (pest103finip11cium
510 197 640 234 oculos
653 198 890 248 perstringere
903 195 1178 236 conantur,vtse
1189 195 1236 231 ab
1246 207 1326 232 om·
1372 230 1390 261 1
1408 224 1422 262 1
1440 223 1455 239 μ
1493 231 1495 233 ,

51 255 90 290 ni
101 252 205 302 culpa
218 251 320 288 reddi
334 247 436 300 posse
456 252 634 286 immunes
657 246 857 285 confidant?
873 246 995 298 Qod
1007 272 1017 289 ‚
1031 247 1122 284 teste
1145 246 1325 290 Iohanne,
1341 237 1367 316 ἒ
1391 241 1405 262 ⁰
1419 237 1493 265 ’Μ’
1528 267 1530 269 >

52 304 141 342 niliil
155 303 253 341 aliud
266 304 314 340 est
324 302 430 353 quam
445 300 660 338 mendacem
673 300 790 337 facere
804 302 942 337 Deum.
957 299 1087 335 Eadem
1111 301 1224 336 etiarn
1235 312 1329 350 ope-f
1369 291 1418 316 '¹0

53 368 93 393 ra
108 352 309 392 nebulones
321 352 500 390 istifoedus
512 355 673 404 Dei,quo
690 353 844 389 vidimus
860 352 1011 388 salutem
1024 351 1181 387 nostram
1205 353 1330 388 conti-

53 409 145 449 neri,
156 409 274 456 capite
284 420 356 443 vno
371 406 521 442 inducto
534 404 705 447 lacerant,
718 417 826 454 atque
839 405 892 440 ita
903 402 1068 441 funditus
1084 400 1323 440 labefaciunt:

52 473 128 496 non
138 454 285 497 ,tantum
298 460 334 494 in
349 472 394 494 eo
417 457 576 508 sacrilegi
597 454 697 504 quod
719 457 884 506 separant
903 469 958 493 res
981 452 1074 492 adeo
1097 455 1326 498 coniunctam

52 510 118 549 sed
130 511 236 549 eriam
250 511 352 559 impii
368 514 401 546 &
416 509 579 547 crudeles
590 507 688 559 quod
701 509 845 545 miseras
859 510 993 545 animas
1017 507 1179 544 obruunt
1199 504 1332 557 despe«

51 565 218 600 ratione:
232 563 269 599 in
281 560 411 611 seipsos
426 561 575 612 quidem
592 565 624 597 δε
639 561 702 597 [ibi
716 560 844 598 ssmiles
857 558 997 610 perfidi,
1012 557 1108 609 quod
1121 557 1326 597 socordiam

52 614 115 653 fibi
130 615 314 651 accersunt
325 615 397 651 Dei
411 613 659 650 misericordiae
672 626 714 650 ex
729 613 908 650 diametro
926 609 1250 664 aduersam.Qod
1259 622 1326 649 au-

53 678 127 703 tem
139 665 316 703 obiiciunt
328 693 338 709 ,
351 667 452 717 regni
464 668 534 703 Dei
549 665 748 703 aduentum
761 665 921 715 optando
933 664 1036 701 fimul
1051 669 1119 701 nos'
1138 663 1275 714 peccati
1285 676 1325 702 a·

54 712 272 756 bolition'em
287 720 532 769 petereznimis
548 718 686 767 puerile
701 718 750 754 est
767 731 775 753 ε
791 718 875 767 quia
890 719 926 753 in
942 717 1061 766 priore
1081 717 1261 754 orationis
1272 728 1328 754 ta-

52 771 138 808 bula
151 769 290 807 sumina
305 770 411 807 nobis
424 767 673 820 perfestithc
685 781 811 807 autem
823 767 1012 806 infirmitas
1025 770 1255 819 proponitur.
1269 771 1326 806 Ita
1375 775 1379 778 ’

53 822 126 860 duo
141 823 213 860 haec
224 820 306 871 apte
318 824 412 860 inter
424 823 458 859 se
471 824 692 859 conueniunt
704 833 739 858 vt
751 822 938 869 aspirando
949 820 992 856 ad
1006 833 1155 864 metam,
1173 826 1251 870 quae
1263 833 1326 858 ne·

54 871 192 912 ceffitas
206 875 325 910 nostra
335 874 497 911 remedia
510 875 624 925 exigit
638 887 711 910 non
725 873 968 926 negligamus.
991 874 1151 910 Petimus
1174 872 1329 910 demum·

51 918 262 964 remissione
276 926 379 963 nobis
392 925 480 968 fieri,
493 939 527 963 vt
540 926 602 975 ipli
616 925 845 962 debitoribus
859 927 984 962 nostris
999 925 1218 962 remittimus
1234 924 1328 973 :hocs

53 981 117 1020 est,
133 992 169 1016 vt
180 978 351 1016 omnibus
365 982 541 1028 parcimus
551 991 590 1014 ac
601 979 745 1014 veniam
756 977 882 1014 damus
894 975 913 1014 ὲ
924 989 1142 1028 quocunque
1156 977 1227 1014 vlla
1237 979 1273 1014 in
1286 989 1325 1014 re

53 1031 123 1069 laefi
139 1031 334 1074 sumus,aut
346 1029 442 1067 facto
457 1024 576 1079 inique
592 1030 811 1070 trac'tati‚aut
825 1029 922 1066 disto
935 1027 1202 1066 contumeliose
1224 1041 1327 1067 acce-

53 1086 118 1134 pti.
140 1085 229 1120 Non
241 1081 340 1130 quod
354 1082 473 1118 defleti
487 1093 597 1132 atque
609 1078 755 1118 offensae
769 1081 909 1131 culpam
923 1084 1112 1118 remittere
1132 1083 1254 1118 nostru
1268 1081 1322 1124 fit,

54 1134 154 1185 quod
167 1133 272 1172 solius
287 1136 355 1171 Dei
369 1129 560 1170 estwenim
575 1132 648 1170 haec
661 1133 779 1169 nostra
790 1135 839 1169 est
852 1129 1014 1170 remiffio
1028 1159 1038 1174 ,
1053 1136 1145 1170 iram
1157 1159 1167 1176 ,
1182 1132 1326 1177 odiutm'
1343 1137 1426 1186 lesa,
1444 1132 1500 1189 4⁵3}

52 1186 220 1224 vindieiae
231 1188 481 1236 appetentiam
496 1199 539 1222 ex
553 1187 678 1222 auimo
694 1184 788 1221 vltro
800 1184 995 1235 deponere,
1012 1189 1046 1222 δε
1062 1187 1233 1222 iniuriarfi
1247 1182 1386 1238 me-'25

51 1241 209 1276 moriam
221 1239 426 1279 voluntaria
446 1237 637 1274 obliuione
649 1248 851 1274 conterere.
875 1236 1140 1288 Qamobrem
1157 1248 1329 1287 peccato-

51 1303 132 1328 rum
144 1288 304 1327 remiffio
325 1287 344 1327 ὲ
359 1292 443 1326 Deo
457 1289 610 1339 petenda
623 1291 670 1326 no
683 1289 816 1329 est,nifi
827 1286 981 1326 offensas
995 1290 1104 1327 etiam
1117 1290 1179 1340 ipfi
1191 1292 1329 1338 nostras

52 1343 225 1380 omnibus
238 1345 465 1379 remittamus
481 1345 541 1392 qui
552 1340 659 1377 nobis
671 1342 791 1378 iniurii
807 1341 862 1377 vel
883 1341 962 1379 sunt
973 1342 1026 1379 vel
1038 1340 1200 1380 Fuerunt.
1221 1343 1330 1394 Siqua

53 1394 142 1432 vero
157 1393 241 1431 odia
251 1395 377 1431 animis
389 1397 588 1431 retinemus
604 1419 613 1434 ,
628 1394 786 1431 vltiones
800 1392 1039 1436 meditamur,
1056 1398 1089 1430 &
1103 1407 1173 1444 qua
1195 1407 1332 1446 nocea7

54 1460 132 1484 mus
145 1446 331 1483 occatione
352 1448 557 1497 cogitamus
572 1460 579 1483 :
592 1446 670 1482 imo
683 1448 770 1483 vero
794 1445 857 1482 nifi
881 1459 966 1482 cum
985 1448 1138 1483 inimicis
1151 1449 1267 1484 redire
1290 1449 1329 1485 in

54 1502 221 1552 gratiam,
236 1498 403 1548 ipsosque
422 1501 526 1534 omni
539 1493 741 1535 officiorum
764 1510 900 1548 genere
924 1498 1125 1541 demereri,
1150 1498 1332 1550 nobisque

55 1551 251 1587 conciliare
265 1552 366 1586 uirim
374 1550 495 1587 urzhac
508 1552 717 1599 precatione
729 1552 851 1588 Deum
864 1549 1089 1588 obtestamur
1100 1564 1145 1588 ne
1159 1564 1333 1601 peccato-

55 1615 135 1639 rum
150 1598 398 1639 remiffionem
423 1602 527 1639 nobis
549 1601 669 1638 faciat.
705 1601 888 1639 Poscimus
909 1604 1005 1639 enim
1030 1615 1067 1640 vt
1090 1603 1196 1640 nobis
1217 1602 1333 1642 faciat

54 1667 161 1704 quam
174 1654 252 1690 aliis
263 1653 517 1690 facimus.Hoc
536 1652 617 1690 vero
631 1656 680 1691 est
693 1666 819 1704 petere
831 1667 875 1692 ne
886 1655 993 1692 nobis
1007 1653 1112 1693 faciat
1124 1655 1185 1692 nifi
1197 1655 1262 1705 ipfi
1274 1654 1331 1693 fa.-

54 1718 181 1743 cimus.
196 1705 279 1756 Qi
292 1718 379 1756 ergo
392 1705 599 1743 huiusmodi
617 1705 705 1748 sunt,
719 1706 805 1756 quid
816 1707 1086 1757 consequuntur
1095 1706 1156 1745 sua
1174 1710 1330 1758 petitio-

55 1772 101 1794 ne
116 1758 332 1809 nifigrauius
347 1758 518 1794 iudicium
533 1767 542 1794 ?
555 1756 741 1794 Postremo
757 1757 1026 1796 obseruandum
1049 1761 1098 1797 est
1112 1786 1121 1800 ‚
1135 1773 1208 1797 non
1233 1758 1330 1797 hanc

55 1809 309 1846 conditionem
322 1809 407 1847 ideo
424 1809 528 1846 adiici
544 1825 578 1847 vt
590 1813 757 1847 remittat
769 1811 878 1847 nobis
892 1838 899 1852 ,
913 1812 1001 1848 ficut
1013 1811 1240 1849 debitoribus
1261 1825 1330 1849 no-

55 1863 130 1898 stris
144 1863 576 1910 remittinius‚propterea
589 1861 687 1912 quod
700 1863 819 1899 nostra
831 1875 940 1913 quam
952 1863 1011 1901 alii
1022 1862 1184 1906 facimus,
1200 1864 1332 1902 remis-

54 1914 153 1951 fione
167 1941 177 1957 ,
192 1927 267 1951 eius
290 1912 539 1952 remissionem
555 1925 783 1956 mereamur,
800 1915 866 1951 acii
879 1928 1006 1953 notata
1028 1912 1114 1954 effet
1126 1916 1244 1954 causa:
1268 1930 1330 1954 ve-

53 1963 136 2004 rum
151 1965 216 2001 lioc
232 1965 345 2002 verbo
363 1967 465 2003 solari
480 1969 608 2017 partim
623 1966 740 2004 voluit
754 1969 937 2005 Dominus
953 1967 1036 2005 fidei
1055 1970 1184 2006 nostrae
1207 1968 1328 2006 imbe-

52 2019 242 2055 cillitatem
259 2017 414 2055 :addidit
425 2021 520 2055 enim
535 2018 605 2055 hoc
617 2031 789 2069 tanquam
813 2019 953 2071 {ignum
974 2034 1047 2071 quo
1069 2015 1330 2058 confirmemur

52 2083 127 2109 tam
140 2067 238 2108 certo
252 2071 355 2107 nobis
369 2068 501 2107 factam
518 2068 537 2107 a
547 2070 581 2107 se
596 2068 838 2108 remissionem
856 2071 1215 2123 peccatoruin‚quam
1226 2072 1330 2111 certo

55 2117 185 2159 conscii
199 2122 318 2159 sumus
331 2122 407 2160 aliis
422 2135 499 2159 eam
514 2121 532 2159 ἒι
546 2124 649 2159 nobis
662 2121 781 2160 fierizli
796 2136 916 2161 tamen
931 2127 1073 2163 animus
1098 2126 1204 2162 nobis
1226 2127 1330 2163 omni

53 2174 155 2217 odio,
171 2175 300 2215 liuore,
314 2174 486 2217 vindiCia,
500 2187 628 2213 vacuus
641 2173 887 2226 purgatusque
902 2178 969 2214 cst:
985 2179 1116 2228 partim
1133 2176 1198 2214 hac
1216 2177 1330 2215 veluti

53 2224 180 2266 norme
194 2225 353 2264 filiorum
371 2240 523 2265 numero
537 2232 711 2278 expungit
725 2231 786 2277 qui
799 2229 842 2265 ad
855 2228 1094 2268 vlciscendum
1108 2231 1325 2280 praecipites,

54 2278 101 2315 ad
112 2278 370 2316 remittendum
383 2276 762 2329 difficiles‚pertinaces
774 2281 982 2318 inimicitias
997 2286 1218 2323 exercent‚&
1234 2280 1329 2318 indi-

54 2331 270 2381 gnationem
283 2343 390 2380 quam
407 2328 426 2367 ὲ
441 2330 472 2369 se
488 2331 806 2383 deprecantur,ipfi
821 2331 992 2371 aduerffis
1003 2336 1094 2371 alios
1114 2333 1245 2372 fouent
1259 2360 1267 2375 ‚
1282 2345 1329 2370 ne

55 2386 91 2418 le
105 2395 170 2431 pro
184 2383 286 2419 Patre
299 2386 471 2419 inuocare
484 2384 608 2423 aufint.
623 2383 723 2435 quod
735 2386 848 2429 etiam
862 2386 994 2425 diserte
1008 2389 1046 2423 in
1056 2385 1190 2423 Christi
1213 2385 1332 2424 verbis
1356 2408 1357 2411 =

58 2434 270 2484 exprimitur
281 2434 375 2485 apud
387 2436 536 2476 Lucam.
817 2434 819 2437 ’

227 2507 230 2509 ·
1038 2489 1132 2527 Ο.ἰὶ.
