1591 2775
249 10 333 68 '2590‘
591 13 856 67 ,1⁴th
908 3 1237 63 QVARTt'

311 100 352 131 ιφ
407 83 528 136 Qod
542 85 698 135 primum
714 81 954 123 &secundum
968 87 1004 122 in
1017 85 1261 123 ministrorum
1277 81 1470 124 vocatione
1482 77 1557 134 esse¹

263 140 419 178 diximus
430 165 442 180 ‚
455 136 579 188 quales
594 137 745 189 eligere,
761 141 796 174 δι’
812 148 981 187 quantam
997 137 1217 188 religionem
1232 138 1268 174 in
1281 149 1325 175 ea
1345 151 1383 175 re
1395 138 1554 177 adhibe-

261 206 303 229 re
323 201 496 240 oporteat
511 204 519 226 ς
534 191 570 226 in
585 203 630 226 eo
661 190 758 225 Pauli
784 189 1030 239 praescriptum
1046 193 1079 226 δε
1103 188 1369 238 Apostolorum
1383 190 1553 239 exempla

261 256 368 281 vetus
383 241 536 279 Ecclesia
557 239 708 291 sequuta
732 240 793 277 est.
809 238 983 278 Solebant
997 242 1092 278 enim
1113 240 1157 276 ad
1178 240 1367 293 eligendos
1388 244 1550 291 pastores

264 309 347 334 cum
357 295 496 332 summa
510 295 716 331 reuerentia
737 305 778 329 ac
801 292 942 330 solicita
955 295 1110 330 nominis
1131 295 1203 330 Dei
1217 296 1452 331 inuocatione
1465 306 1556 332 con-

265 348 408 386 uenire.
421 345 479 383 Ad
490 344 562 382 haec
577 342 778 382 formulam
792 345 966 382 examinis
989 344 1176 382 habebant
1189 372 1198 388 ‚
1211 357 1282 396 qua
1295 345 1555 396 eligendorum

264 401 375 437 vitam
392 402 425 434 δε
439 397 641 434 ἀοξὶῑίηειη]
664 395 710 432 ad
730 395 830 433 illam
855 396 955 434 Pauli
978 394 1146 434 amuffim
1163 397 1372 449 exigebant.
1387 395 1554 435 Tantum

266 461 477 502 peccarunt,
491 447 549 484 hic
561 446 732 484 nonnihil
746 447 943 485 immodica
955 449 1149 487 seueritate
1161 476 1171 492 ,
1186 448 1285 498 quod
1298 450 1376 501 plus
1391 453 1560 499 require-

98 540 113 563 3
131 516 306 559 Tim.3-re
334 501 531 545 voluerunt
553 501 589 536 in
613 498 791 549 Episcopo
813 498 920 549 quiim
943 499 1069 538 Paulus
1088 503 1327 551 requirat:ac
1351 501 1553 552 praesertim

118 552 125 560 ‘
265 550 424 598 success'u
438 553 616 601 temporis
630 551 843 588 caelibatum.
858 548 995 589 Verum
1009 553 1046 589 in
1060 554 1196 591 caeteris
1220 551 1461 590 consentanea
1481 552 1556 590 fuit

270 602 432 658 ipsorum
446 604 657 641 obseruatio
677 616 761 640 cum
784 602 884 640 Pauli
906 603 1159 654 descriptione.
1187 608 1226 641 In
1250 619 1297 643 eo
1311 617 1435 642 autern
1456 604 1555 657 quod

268 663 378 697 tertio
399 658 484 694 loco
506 656 690 706 posuimus
714 681 724 697 ,
745 657 896 705 quinam
917 655 1254 694 scilicetsmmistros
1285 659 1467 695 instituere
1490 657 1555 695 de-

266 712 395 751 beant.
410 722 483 745 non
505 720 615 744 vnum
635 706 777 757 semper
801 718 998 744 tenuerunt
1019 707 1198 745 ordinem.
1213 711 1420 760 Antiquitas
1442 722 1488 747 ne
1516 711 1555 747 in

139 798 164 834 ,b
223 805 236 826 e
268 759 658 818 clericoruquuidem
672 771 806 818 coetum
822 757 1067 819 recipiebatur
1088 761 1263 810 quispiam
1286 762 1359 799 sine
1381 761 1557 801 consensu

100 807 210 885 142²·
270 828 387 854 totius
408 812 538 869 plebis.
558 823 596 848 vt
619 811 830 863 Cyprianus
850 810 1046 865 diligenter
1069 812 1213 872 excuset
1233 809 1334 873 quod
1359 815 1557 873 durelium

96 854 170 904 Μὴ
201 858 216 894 5
268 865 451 918 quendam
463 863 668 901 inconsulta
681 861 838 900 Ecclefia
858 863 1036 900 lectorem
1060 865 1286 902 constituerit
1301 878 1308 903 ε
1323 865 1455 915 quiaid
1466 878 1556 916 prae-

270 933 325 959 ter
338 929 481 955 morem
496 943 506 960 ,
530 916 673 953 tametfi
696 927 771 952 non
793 915 865 952 fine
881 917 1026 952 ratione
1046 913 1185 953 factum
1212 915 1342 958 fuerat.
1357 918 1411 953 Sic
1434 929 1559 955 autem

269 970 508 1024 proefatur,1n
523 966 734 1004 ordinandis
756 967 893 1004 clericis
908 994 917 1009 ‚
931 965 1064 1005 fratres
1085 966 1281 1006 charissimi
1294 995 1303 1011 ,
1318 969 1479 1007 solemus
1493 983 1557 1006 vos

268 1021 354 1062 anre
367 1019 574 1061 consulere,
592 1024 625 1057 δι
648 1032 770 1057 mores
790 1032 833 1057 ac
852 1020 983 1057 merita
1004 1019 1229 1072 singulorum
1242 1023 1430 1058 communi
1442 1022 1558 1059 confi‘-

260 1077 322 1114 „110
355 1071 574 1125 ponderare.
604 1068 740 1109 Verum
763 1074 847 1121 quia
877 1074 913 1108 in
939 1073 1141 1109 minoribus
1169 1072 1241 1110 illis
1273 1076 1448 1110 exercitiis
1480 1086 1556 1110 non

268 1128 429 1165 multum
444 1137 520 1162 erat
544 1122 831 1173 periculi:quod
850 1123 1115 1161 addiuturnam
1140 1125 1397 1174 probationem
1421 1129 1453 1162 &
1480 1139 1556 1163 non

264 1191 443 1234 magnam
466 1176 694 1213 fuiic'iionem
717 1172 982 1213 assumerentur
995 1203 1004 1217 .
1019 1182 1140 1226 rogari
1162 1175 1353 1214 consensus
1366 1178 1479 1226 plebis
1493 1176 1557 1215 de-

267 1232 346 1270 fiit.
379 1231 506 1267 Postea
530 1229 567 1265 in
593 1228 742 1278 reliquis
764 1240 913 1278 quoque
946 1229 1133 1265 ordinibus
1149 1254 1158 1270 .
1182 1241 1340 1278 excepto
1364 1224 1561 1278 Episcopass-

266 1297 331 1327 tu,
356 1283 458 1333 plebs
480 1280 658 1331 Episcopo
690 1292 732 1317 ac
755 1280 981 1330 Presbyteris
1001 1279 1175 1318 iudicium
1201 1280 1459 1332 deleflt'in-que
1480 1279 1559 1318 fere

264 1334 450 1387 permisit,
464 1346 501 1371 vt
521 1329 788 1384 cognoscerent
818 1333 964 1382 quinam
983 1330 1107 1369 idonei
1128 1345 1169 1369 ac
1192 1332 1290 1385 digni
1311 1333 1435 1371 forent
1459 1349 1467 1370 :
1488 1332 1556 1371 nisi

264 1383 364 1426 forte
377 1399 492 1437 quum
520 1382 701 1435 parochiis
720 1385 809 1421 noui
831 1383 1042 1435 Presbyteri
1061 1384 1344 1423 destinabantur,
1360 1398 1445 1422 tunc
1457 1387 1558 1424 enim

265 1441 339 1478 loci
353 1438 628 1480 multitudinem
656 1437 879 1473 nominatim
902 1437 1108 1473 consentire
1130 1439 1308 1487 oportuit,
1323 1438 1404 1474 Nec
1422 1439 1556 1476 mirum

265 1495 316 1532 est
339 1489 437 1541 quod
459 1488 651 1527 retinendo
675 1488 739 1526 suo
769 1490 849 1526 iure
873 1488 1030 1540 populus
1054 1488 1122 1525 hac
1144 1491 1181 1525 in
1208 1501 1311 1539 parte
1331 1487 1449 1527 minus
1473 1489 1560 1527 ioli*-

266 1547 354 1583 citus
368 1542 490 1581 fuerit.
511 1555 624 1578 nemo
648 1543 746 1577 enim
768 1540 1060 1591 Hypodiaconus
1085 1539 1197 1578 fiebat
1221 1544 1284 1591 qui
1305 1554 1378 1578 non
1400 1539 1558 1594 longum

266 1597 318 1636 sui
333 1597 628 1646 experimentum
651 1607 684 1630 in
708 1591 979 1635 clericatu,sub
995 1606 1038 1630 ea
1052 1605 1128 1642 quae
1154 1604 1240 1630 runc
1262 1605 1341 1630 erat
1363 1592 1558 1643 disciplinae

265 1648 467 1687 seueritate
480 1672 490 1690 ,
504 1640 668 1683 dedisset.
685 1646 881 1696 Postquam
896 1647 932 1681 in
949 1658 995 1682 eo
1009 1644 1123 1697 gradu
1140 1644 1314 1696 probatus
1325 1643 1441 1683 fuerat
1459 1672 1469 1687 ‚
1483 1645 1560 1683 dia-

265 1711 336 1740 con
344 1714 382 1738 us
393 1697 692 1737 constituebatur:
707 1697 793 1735 inde
806 1696 851 1734 ad
863 1695 1082 1748 presbyterii
1104 1695 1286 1734 honorem
1302 1697 1552 1748 perueniebat,

264 1755 293 1792 fi
312 1752 469 1791 fideliter
501 1751 536 1787 se
555 1747 725 1801 geffiss‘et.
740 1753 795 1787 Ita
819 1749 937 1787 nullus
959 1748 1247 1799 promouebatur
1260 1749 1393 1800 dequo
1416 1762 1490 1786 non
1514 1762 1556 1788 re

266 1817 356 1843 vera
383 1803 508 1842 multis
529 1803 631 1839 annis
651 1800 815 1841 habitum
841 1798 928 1839 esset
947 1801 1010 1839 sub
1032 1801 1160 1853 populi
1179 1801 1296 1839 oculis
1317 1813 1482 1839 examen.
1510 1802 1557 1840 Et

267 1869 371 1896 erant
385 1856 492 1893 multi
514 1856 684 1892 Canones
697 1853 744 1891 ad
765 1852 949 1906 punienda
972 1853 1102 1891 eorum
1125 1851 1285 1891 vitiant
1311 1853 1467 1891 Ecclefia
1479 1866 1560 1891 ma-

268 1910 311 1947 lis
335 1908 558 1959 Presbyteris
582 1919 646 1944 aut
673 1906 832 1944 diaconis
863 1920 935 1943 non
957 1918 1172 1959 grauaretur
1187 1932 1196 1948 ‚
1221 1906 1284 1943 nifi
1304 1905 1467 1943 remedia
1492 1918 1558 1942 ne-

268 1960 687 2015 gligeret.Qanquam
704 1961 738 1996 in
762 1958 991 2009 presbyteris
1013 1970 1159 2008 quoque
1174 1957 1315 2006 semper
1339 1957 1556 2009 exigebatur

267 2016 406 2051 ciuium
422 2009 733 2062 consensusquod
744 2011 856 2048 etiam
871 2011 1018 2048 testatur
1032 2012 1161 2047 Canon
1176 2012 1311 2059 primus
1324 2009 1481 2047 distinet.
1495 2019 1557 2052 67.

266 2068 328 2117 qui
351 2064 534 2102 Anacleto
557 2066 738 2100 tribuitur.
760 2064 930 2112 Denique
952 2075 1084 2099 omnes
1104 2062 1353 2099 ordinationes
1375 2062 1457 2098 ideo
1486 2063 1552 2099 sta-

268 2121 315 2156 tis
328 2119 412 2155 anni
425 2115 652 2165 temporibus
677 2113 814 2152 fiebant
828 2117 955 2163 nequis
978 2115 1184 2152 clanculum
1197 2113 1270 2150 fine
1291 2112 1453 2150 fidelium
1468 2126 1556 2150 con-

268 2169 369 2208 sensu
391 2169 684 2218 obreperet,aut
704 2169 817 2204 nimia
829 2164 1005 2204 facilitate
1027 2165 1163 2217 absque
1186 2166 1331 2204 testibus
1355 2178 1553 2217 promouef

270 2235 385 2261 retur.

96 586 152 614 αλ,

323 2286 352 2311 ιι
403 2277 444 2311 In
459 2271 635 2324 eligendis
649 2271 831 2322 Episcopis
845 2269 908 2308 diu
931 2270 990 2306 sua
1002 2271 1142 2319 populo
1157 2269 1305 2308 libertas
1326 2268 1395 2308 fuit
1407 2269 1552 2308 conser-

156 2369 159 2373 ,
269 2339 355 2364 usta
371 2353 380 2369 ,
397 2328 523 2376 nequis
540 2323 802 2361 obtruderetur
813 2324 876 2370 qui
897 2336 970 2359 non
983 2323 1156 2359 omnibus
1169 2329 1336 2372 acceptus
1350 2317 1451 2360 effet.
1466 2323 1553 2360 Hoc

97 2368 378 2432 k'J³-·!3-90·igitur
393 2381 430 2414 in
451 2378 608 2416 concilio
629 2374 867 2413 Antiocheno
890 2376 1045 2411 vetitum
1072 2376 1144 2424 est)
1161 2379 1286 2425 nequis
1305 2377 1428 2412 ‘inuitis
1448 2377 1553 2426 inge-

99 2434 146 2470 (ἢ
173 2433 192 2456 ²¹
269 2429 508 2482 ratur.Qod
520 2434 553 2468 St
569 2431 648 2467 Leo
658 2430 796 2480 primus
808 2427 1007 2482 diligenter
1019 2423 1220 2465 confirmat.
1237 2428 1414 2465 Hincistae
1428 2426 1553 2465 senten

1475 2491 1548 2523 υτ,
