<?xml version="1.0" encoding="UTF-8"?>
<!DOCTYPE html PUBLIC "-//W3C//DTD XHTML 1.0 Transitional//EN"
    "http://www.w3.org/TR/xhtml1/DTD/xhtml1-transitional.dtd">
<html xmlns="http://www.w3.org/1999/xhtml" xml:lang="en" lang="en">
 <head>
  <title>
</title>
<meta http-equiv="Content-Type" content="text/html;charset=utf-8" />
  <meta name='ocr-system' content='tesseract 3.04.00' />
  <meta name='ocr-capabilities' content='ocr_page ocr_carea ocr_par ocr_line ocrx_word'/>
</head>
<body>
  <div class='ocr_page' id='page_1' title='image "./institutiochrist00calv_0475.png"; bbox 0 0 1591 2775; ppageno 0'>
   <div class='ocr_carea' id='block_1_1' title="bbox 220 38 1383 253">
    <p class='ocr_par' dir='ltr' id='par_1_1' title="bbox 220 38 1383 253">
     <span class='ocr_line' id='line_1_1' title="bbox 523 38 1383 86; baseline -0.016 0"><span class='ocrx_word' id='word_1_1' title='bbox 523 46 762 86; x_wconf 79' lang='lat' dir='ltr'>CAPVT</span> <span class='ocrx_word' id='word_1_2' title='bbox 816 40 970 81; x_wconf 73' lang='lat' dir='ltr'>VIII.v</span> <span class='ocrx_word' id='word_1_3' title='bbox 1052 52 1061 55; x_wconf 79' lang='grc'><strong>’</strong></span> <span class='ocrx_word' id='word_1_4' title='bbox 1313 38 1383 83; x_wconf 80' lang='lat'>437</span> 
     </span>
     <span class='ocr_line' id='line_1_2' title="bbox 220 105 1378 177; baseline -0.013 -13"><span class='ocrx_word' id='word_1_5' title='bbox 220 119 291 163; x_wconf 86' lang='lat' dir='ltr'>De</span> <span class='ocrx_word' id='word_1_6' title='bbox 299 115 425 162; x_wconf 70' lang='lat' dir='ltr'>crucis</span> <span class='ocrx_word' id='word_1_7' title='bbox 437 115 669 169; x_wconf 74' lang='lat' dir='ltr'><em>tolerantia,</em></span> <span class='ocrx_word' id='word_1_8' title='bbox 684 128 768 174; x_wconf 79' lang='lat' dir='ltr'>quae</span> <span class='ocrx_word' id='word_1_9' title='bbox 769 123 878 174; x_wconf 81' lang='lat' dir='ltr'>pars</span> <span class='ocrx_word' id='word_1_10' title='bbox 891 107 944 167; x_wconf 85' lang='lat' dir='ltr'>est</span> <span class='ocrx_word' id='word_1_11' title='bbox 955 105 1249 169; x_wconf 51' lang='lat' dir='ltr'>abnegationis.</span> <span class='ocrx_word' id='word_1_12' title='bbox 1358 167 1378 177; x_wconf 36' lang='lat' dir='ltr'><em>q</em></span> 
     </span>
     <span class='ocr_line' id='line_1_3' title="bbox 879 196 1374 253; baseline -0.008 -17"><span class='ocrx_word' id='word_1_13' title='bbox 879 196 1131 253; x_wconf 49' lang='lat' dir='ltr'>crir‘vss</span> <span class='ocrx_word' id='word_1_14' title='bbox 1203 201 1374 235; x_wconf 59' lang='lat' dir='ltr'><strong>VIII.</strong></span> 
     </span>
    </p>
   </div>
   <div class='ocr_carea' id='block_1_2' title="bbox 68 274 1588 2526">
    <p class='ocr_par' dir='ltr' id='par_1_2' title="bbox 68 274 1588 2526">
     <span class='ocr_line' id='line_1_4' title="bbox 259 274 1374 324; baseline -0.009 -5"><span class='ocrx_word' id='word_1_15' title='bbox 259 295 284 319; x_wconf 83' lang='lat' dir='ltr'>v</span> <span class='ocrx_word' id='word_1_16' title='bbox 303 295 317 319; x_wconf 95' lang='lat'>1</span> <span class='ocrx_word' id='word_1_17' title='bbox 338 293 365 319; x_wconf 78' lang='lat' dir='ltr'>N</span> <span class='ocrx_word' id='word_1_18' title='bbox 388 279 493 320; x_wconf 70' lang='lat' dir='ltr'>altius</span> <span class='ocrx_word' id='word_1_19' title='bbox 508 281 709 319; x_wconf 77' lang='lat' dir='ltr'>etiamnum</span> <span class='ocrx_word' id='word_1_20' title='bbox 725 276 969 316; x_wconf 82' lang='lat' dir='ltr'>conscendere</span> <span class='ocrx_word' id='word_1_21' title='bbox 983 277 1091 324; x_wconf 83' lang='lat' dir='ltr'>piam</span> <span class='ocrx_word' id='word_1_22' title='bbox 1104 275 1240 310; x_wconf 67' lang='lat' dir='ltr'>merem</span> <span class='ocrx_word' id='word_1_23' title='bbox 1255 274 1374 310; x_wconf 88' lang='lat' dir='ltr'>decet.</span> 
     </span>
     <span class='ocr_line' id='line_1_5' title="bbox 255 327 1371 383; baseline -0.01 -11"><span class='ocrx_word' id='word_1_24' title='bbox 255 347 390 383; x_wconf 87' lang='lat' dir='ltr'>nempe</span> <span class='ocrx_word' id='word_1_25' title='bbox 405 333 481 383; x_wconf 75' lang='lat' dir='ltr'>quo</span> <span class='ocrx_word' id='word_1_26' title='bbox 495 332 688 383; x_wconf 86' lang='lat' dir='ltr'>discipulos</span> <span class='ocrx_word' id='word_1_27' title='bbox 708 333 790 369; x_wconf 88' lang='lat' dir='ltr'>suos</span> <span class='ocrx_word' id='word_1_28' title='bbox 804 343 909 368; x_wconf 76' lang='lat' dir='ltr'>vocat</span> <span class='ocrx_word' id='word_1_29' title='bbox 922 328 1137 369; x_wconf 75' lang='lat' dir='ltr'>Christus‚vt</span> <span class='ocrx_word' id='word_1_30' title='bbox 1152 327 1252 363; x_wconf 77' lang='lat' dir='ltr'>suam</span> <span class='ocrx_word' id='word_1_31' title='bbox 1267 327 1371 363; x_wconf 84' lang='lat' dir='ltr'>vnus·</span> 
     </span>
     <span class='ocr_line' id='line_1_6' title="bbox 255 380 1588 437; baseline -0.012 -14"><span class='ocrx_word' id='word_1_32' title='bbox 255 386 406 437; x_wconf 75' lang='lat' dir='ltr'>quisque</span> <span class='ocrx_word' id='word_1_33' title='bbox 418 398 564 424; x_wconf 78' lang='lat' dir='ltr'>crucem</span> <span class='ocrx_word' id='word_1_34' title='bbox 578 385 959 436; x_wconf 80' lang='lat' dir='ltr'>tollar.Qoscunque</span> <span class='ocrx_word' id='word_1_35' title='bbox 971 383 1065 417; x_wconf 85' lang='lat' dir='ltr'>enim</span> <span class='ocrx_word' id='word_1_36' title='bbox 1081 380 1267 417; x_wconf 87' lang='lat' dir='ltr'>Dominus</span> <span class='ocrx_word' id='word_1_37' title='bbox 1281 391 1371 415; x_wconf 90' lang='lat' dir='ltr'>coo-</span> <span class='ocrx_word' id='word_1_38' title='bbox 1392 381 1542 411; x_wconf 52' lang='lat' dir='ltr'>Mamm.</span> <span class='ocrx_word' id='word_1_39' title='bbox 1583 386 1588 397; x_wconf 53' lang='grc' dir='ltr'><strong>ν</strong></span> 
     </span>
     <span class='ocr_line' id='line_1_7' title="bbox 76 425 1473 490; baseline -0.01 -12"><span class='ocrx_word' id='word_1_40' title='bbox 76 442 204 490; x_wconf 87' lang='lat' dir='ltr'>ptauit,</span> <span class='ocrx_word' id='word_1_41' title='bbox 221 452 260 476; x_wconf 89' lang='lat' dir='ltr'>ac</span> <span class='ocrx_word' id='word_1_42' title='bbox 274 435 420 477; x_wconf 89' lang='lat' dir='ltr'>suorum</span> <span class='ocrx_word' id='word_1_43' title='bbox 433 439 620 476; x_wconf 88' lang='lat' dir='ltr'>consortio</span> <span class='ocrx_word' id='word_1_44' title='bbox 633 436 799 488; x_wconf 74' lang='lat' dir='ltr'>dignatus</span> <span class='ocrx_word' id='word_1_45' title='bbox 812 436 861 472; x_wconf 77' lang='lat' dir='ltr'>est</span> <span class='ocrx_word' id='word_1_46' title='bbox 877 461 888 477; x_wconf 84' lang='lat'>‚</span> <span class='ocrx_word' id='word_1_47' title='bbox 899 438 920 470; x_wconf 77' lang='lat' dir='ltr'>ii</span> <span class='ocrx_word' id='word_1_48' title='bbox 934 433 970 471; x_wconf 85' lang='lat' dir='ltr'>se</span> <span class='ocrx_word' id='word_1_49' title='bbox 980 431 1025 470; x_wconf 81' lang='lat' dir='ltr'>ad</span> <span class='ocrx_word' id='word_1_50' title='bbox 1038 432 1167 469; x_wconf 79' lang='lat' dir='ltr'>duram</span> <span class='ocrx_word' id='word_1_51' title='bbox 1180 457 1190 472; x_wconf 91' lang='lat'>‚</span> <span class='ocrx_word' id='word_1_52' title='bbox 1206 430 1372 467; x_wconf 79' lang='lat' dir='ltr'>laborio-</span> <span class='ocrx_word' id='word_1_53' title='bbox 1391 425 1473 472; x_wconf 84' lang='lat' dir='ltr'>d-24</span> 
     </span>
     <span class='ocr_line' id='line_1_8' title="bbox 73 480 1369 541; baseline -0.007 -13"><span class='ocrx_word' id='word_1_54' title='bbox 73 492 164 534; x_wconf 82' lang='lat' dir='ltr'>sam,</span> <span class='ocrx_word' id='word_1_55' title='bbox 178 491 381 541; x_wconf 84' lang='lat' dir='ltr'>inquietam</span> <span class='ocrx_word' id='word_1_56' title='bbox 397 517 406 530; x_wconf 80' lang='grc'><strong>.</strong></span> <span class='ocrx_word' id='word_1_57' title='bbox 423 488 661 540; x_wconf 73' lang='lat' dir='ltr'>plurimisque</span> <span class='ocrx_word' id='word_1_58' title='bbox 676 501 717 525; x_wconf 73' lang='lat' dir='ltr'>ac</span> <span class='ocrx_word' id='word_1_59' title='bbox 730 491 836 526; x_wconf 85' lang='lat' dir='ltr'>variis</span> <span class='ocrx_word' id='word_1_60' title='bbox 849 487 1030 524; x_wconf 87' lang='lat' dir='ltr'>malorum</span> <span class='ocrx_word' id='word_1_61' title='bbox 1044 483 1240 540; x_wconf 80' lang='lat' dir='ltr'>generibus</span> <span class='ocrx_word' id='word_1_62' title='bbox 1252 480 1369 520; x_wconf 84' lang='lat' dir='ltr'>refer-</span> 
     </span>
     <span class='ocr_line' id='line_1_9' title="bbox 75 536 1367 592; baseline -0.007 -11"><span class='ocrx_word' id='word_1_63' title='bbox 75 555 150 581; x_wconf 86' lang='lat' dir='ltr'>tam</span> <span class='ocrx_word' id='word_1_64' title='bbox 164 544 273 580; x_wconf 84' lang='lat' dir='ltr'>vitam</span> <span class='ocrx_word' id='word_1_65' title='bbox 294 555 494 592; x_wconf 79' lang='lat' dir='ltr'>praeparare</span> <span class='ocrx_word' id='word_1_66' title='bbox 507 542 658 580; x_wconf 87' lang='lat' dir='ltr'>debent.</span> <span class='ocrx_word' id='word_1_67' title='bbox 680 544 734 578; x_wconf 88' lang='lat' dir='ltr'>Sic</span> <span class='ocrx_word' id='word_1_68' title='bbox 746 541 795 578; x_wconf 82' lang='lat' dir='ltr'>est</span> <span class='ocrx_word' id='word_1_69' title='bbox 808 540 954 578; x_wconf 71' lang='lat' dir='ltr'>caelestis</span> <span class='ocrx_word' id='word_1_70' title='bbox 979 540 1090 575; x_wconf 77' lang='lat' dir='ltr'>Patris</span> <span class='ocrx_word' id='word_1_71' title='bbox 1115 536 1285 574; x_wconf 80' lang='lat' dir='ltr'>voluntas</span> <span class='ocrx_word' id='word_1_72' title='bbox 1299 561 1308 576; x_wconf 93' lang='lat'>,</span> <span class='ocrx_word' id='word_1_73' title='bbox 1330 546 1367 572; x_wconf 88' lang='lat' dir='ltr'>vt</span> 
     </span>
     <span class='ocr_line' id='line_1_10' title="bbox 73 587 1365 644; baseline -0.006 -13"><span class='ocrx_word' id='word_1_74' title='bbox 73 607 218 633; x_wconf 83' lang='lat' dir='ltr'>certum</span> <span class='ocrx_word' id='word_1_75' title='bbox 231 594 275 631; x_wconf 87' lang='lat' dir='ltr'>de</span> <span class='ocrx_word' id='word_1_76' title='bbox 290 593 356 632; x_wconf 85' lang='lat' dir='ltr'>suis</span> <span class='ocrx_word' id='word_1_77' title='bbox 378 597 674 644; x_wconf 84' lang='lat' dir='ltr'>experimentum</span> <span class='ocrx_word' id='word_1_78' title='bbox 687 596 807 644; x_wconf 84' lang='lat' dir='ltr'>capiat</span> <span class='ocrx_word' id='word_1_79' title='bbox 820 619 830 635; x_wconf 84' lang='lat'>,</span> <span class='ocrx_word' id='word_1_80' title='bbox 849 605 911 629; x_wconf 87' lang='lat' dir='ltr'>eos</span> <span class='ocrx_word' id='word_1_81' title='bbox 924 592 1033 629; x_wconf 77' lang='lat' dir='ltr'>talem</span> <span class='ocrx_word' id='word_1_82' title='bbox 1045 591 1082 626; x_wconf 86' lang='lat' dir='ltr'>in</span> <span class='ocrx_word' id='word_1_83' title='bbox 1094 587 1249 626; x_wconf 87' lang='lat' dir='ltr'>modum</span> <span class='ocrx_word' id='word_1_84' title='bbox 1263 596 1365 625; x_wconf 87' lang='lat' dir='ltr'>exer-</span> 
     </span>
     <span class='ocr_line' id='line_1_11' title="bbox 73 638 1365 701; baseline -0.006 -17"><span class='ocrx_word' id='word_1_85' title='bbox 73 660 168 684; x_wconf 86' lang='lat' dir='ltr'>cere.</span> <span class='ocrx_word' id='word_1_86' title='bbox 186 652 215 683; x_wconf 79' lang='lat' dir='ltr'>A</span> <span class='ocrx_word' id='word_1_87' title='bbox 228 647 372 684; x_wconf 83' lang='lat' dir='ltr'>Christo</span> <span class='ocrx_word' id='word_1_88' title='bbox 384 648 638 701; x_wconf 84' lang='lat' dir='ltr'>primogenito</span> <span class='ocrx_word' id='word_1_89' title='bbox 660 646 724 683; x_wconf 88' lang='lat' dir='ltr'>suo</span> <span class='ocrx_word' id='word_1_90' title='bbox 745 645 889 682; x_wconf 84' lang='lat' dir='ltr'>exorsus</span> <span class='ocrx_word' id='word_1_91' title='bbox 904 670 915 685; x_wconf 89' lang='lat'>‚</span> <span class='ocrx_word' id='word_1_92' title='bbox 927 656 1011 693; x_wconf 78' lang='lat' dir='ltr'>erga</span> <span class='ocrx_word' id='word_1_93' title='bbox 1027 641 1121 691; x_wconf 81' lang='lat' dir='ltr'>filios</span> <span class='ocrx_word' id='word_1_94' title='bbox 1142 653 1272 678; x_wconf 90' lang='lat' dir='ltr'>ornnes</span> <span class='ocrx_word' id='word_1_95' title='bbox 1285 638 1365 677; x_wconf 89' lang='lat' dir='ltr'>suos</span> 
     </span>
     <span class='ocr_line' id='line_1_12' title="bbox 74 691 1538 749; baseline -0.005 -13"><span class='ocrx_word' id='word_1_96' title='bbox 74 698 171 737; x_wconf 81' lang='lat' dir='ltr'>hunc</span> <span class='ocrx_word' id='word_1_97' title='bbox 183 698 348 736; x_wconf 81' lang='lat' dir='ltr'>ordinem</span> <span class='ocrx_word' id='word_1_98' title='bbox 363 697 697 749; x_wconf 79' lang='lat' dir='ltr'>prosequitnt.nam</span> <span class='ocrx_word' id='word_1_99' title='bbox 712 711 825 748; x_wconf 87' lang='lat' dir='ltr'>quum</span> <span class='ocrx_word' id='word_1_100' title='bbox 840 693 930 734; x_wconf 79' lang='lat' dir='ltr'>esset</span> <span class='ocrx_word' id='word_1_101' title='bbox 944 696 1005 733; x_wconf 82' lang='lat' dir='ltr'>ille</span> <span class='ocrx_word' id='word_1_102' title='bbox 1015 695 1122 733; x_wconf 75' lang='lat' dir='ltr'>Filius</span> <span class='ocrx_word' id='word_1_103' title='bbox 1135 707 1206 743; x_wconf 81' lang='lat' dir='ltr'>prae</span> <span class='ocrx_word' id='word_1_104' title='bbox 1217 693 1295 730; x_wconf 85' lang='lat' dir='ltr'>aliis</span> <span class='ocrx_word' id='word_1_105' title='bbox 1311 691 1364 728; x_wconf 79' lang='lat' dir='ltr'>di-·</span> <span class='ocrx_word' id='word_1_106' title='bbox 1386 706 1492 735; x_wconf 52' lang='lat' dir='ltr'>Man,</span> <span class='ocrx_word' id='word_1_107' title='bbox 1508 713 1538 746; x_wconf 78' lang='lat'>3,</span> 
     </span>
     <span class='ocr_line' id='line_1_13' title="bbox 74 743 1536 802; baseline -0.005 -14"><span class='ocrx_word' id='word_1_108' title='bbox 74 750 243 793; x_wconf 57' lang='lat' dir='ltr'>lecum&amp;</span> <span class='ocrx_word' id='word_1_109' title='bbox 260 752 297 788; x_wconf 92' lang='lat' dir='ltr'>in</span> <span class='ocrx_word' id='word_1_110' title='bbox 310 764 383 802; x_wconf 90' lang='lat' dir='ltr'>quo</span> <span class='ocrx_word' id='word_1_111' title='bbox 399 754 515 789; x_wconf 84' lang='lat' dir='ltr'>Patris</span> <span class='ocrx_word' id='word_1_112' title='bbox 532 754 671 788; x_wconf 84' lang='lat' dir='ltr'>animus</span> <span class='ocrx_word' id='word_1_113' title='bbox 685 749 951 799; x_wconf 84' lang='lat' dir='ltr'>acquiescebat,</span> <span class='ocrx_word' id='word_1_114' title='bbox 964 747 1130 785; x_wconf 76' lang='lat' dir='ltr'>videmus</span> <span class='ocrx_word' id='word_1_115' title='bbox 1143 746 1243 784; x_wconf 70' lang='lat' dir='ltr'>tame</span> <span class='ocrx_word' id='word_1_116' title='bbox 1255 743 1364 797; x_wconf 61' lang='lat' dir='ltr'>qudm</span> <span class='ocrx_word' id='word_1_117' title='bbox 1385 757 1479 795; x_wconf 55' lang='lat'>417,</span> <span class='ocrx_word' id='word_1_118' title='bbox 1495 761 1536 793; x_wconf 67' lang='lat'>&amp;⁴</span> 
     </span>
     <span class='ocr_line' id='line_1_14' title="bbox 72 795 1573 856; baseline -0.005 -15"><span class='ocrx_word' id='word_1_119' title='bbox 72 817 147 841; x_wconf 90' lang='lat' dir='ltr'>non</span> <span class='ocrx_word' id='word_1_120' title='bbox 171 802 408 856; x_wconf 82' lang='lat' dir='ltr'>indulgenter</span> <span class='ocrx_word' id='word_1_121' title='bbox 433 816 475 840; x_wconf 85' lang='lat' dir='ltr'>ac</span> <span class='ocrx_word' id='word_1_122' title='bbox 485 805 647 841; x_wconf 82' lang='lat' dir='ltr'>molliter</span> <span class='ocrx_word' id='word_1_123' title='bbox 672 802 820 840; x_wconf 79' lang='lat' dir='ltr'>habitus</span> <span class='ocrx_word' id='word_1_124' title='bbox 845 799 976 839; x_wconf 84' lang='lat' dir='ltr'>fuerit:</span> <span class='ocrx_word' id='word_1_125' title='bbox 992 813 1029 838; x_wconf 83' lang='lat' dir='ltr'>vt</span> <span class='ocrx_word' id='word_1_126' title='bbox 1044 795 1126 836; x_wconf 68' lang='lat' dir='ltr'>vere</span> <span class='ocrx_word' id='word_1_127' title='bbox 1150 798 1217 836; x_wconf 85' lang='lat' dir='ltr'>dici</span> <span class='ocrx_word' id='word_1_128' title='bbox 1239 810 1362 848; x_wconf 85' lang='lat' dir='ltr'>queat,</span> <span class='ocrx_word' id='word_1_129' title='bbox 1385 816 1488 851; x_wconf 83' lang='lat'>17·-¹·5</span> <span class='ocrx_word' id='word_1_130' title='bbox 1532 799 1536 801; x_wconf 83' lang='grc'><strong>’</strong></span> <span class='ocrx_word' id='word_1_131' title='bbox 1572 808 1573 811; x_wconf 73' lang='grc'>’</span> 
     </span>
     <span class='ocr_line' id='line_1_15' title="bbox 74 847 1366 906; baseline -0.005 -14"><span class='ocrx_word' id='word_1_132' title='bbox 74 870 147 893; x_wconf 92' lang='lat' dir='ltr'>non</span> <span class='ocrx_word' id='word_1_133' title='bbox 166 853 279 892; x_wconf 78' lang='lat' dir='ltr'>modo</span> <span class='ocrx_word' id='word_1_134' title='bbox 295 869 469 906; x_wconf 84' lang='lat' dir='ltr'>perpetua</span> <span class='ocrx_word' id='word_1_135' title='bbox 480 868 585 894; x_wconf 85' lang='lat' dir='ltr'>cruce</span> <span class='ocrx_word' id='word_1_136' title='bbox 600 857 837 893; x_wconf 75' lang='lat' dir='ltr'>exercitatum</span> <span class='ocrx_word' id='word_1_137' title='bbox 853 847 972 895; x_wconf 76' lang='lat' dir='ltr'>fuisse,</span> <span class='ocrx_word' id='word_1_138' title='bbox 987 852 1146 902; x_wconf 84' lang='lat' dir='ltr'>quandiu</span> <span class='ocrx_word' id='word_1_139' title='bbox 1165 859 1298 889; x_wconf 81' lang='lat' dir='ltr'>terram</span> <span class='ocrx_word' id='word_1_140' title='bbox 1311 852 1366 887; x_wconf 88' lang='lat' dir='ltr'>in-</span> 
     </span>
     <span class='ocr_line' id='line_1_16' title="bbox 73 900 1368 955; baseline -0.004 -11"><span class='ocrx_word' id='word_1_141' title='bbox 73 908 203 946; x_wconf 86' lang='lat' dir='ltr'>coluit:</span> <span class='ocrx_word' id='word_1_142' title='bbox 221 908 281 945; x_wconf 89' lang='lat' dir='ltr'>sed</span> <span class='ocrx_word' id='word_1_143' title='bbox 296 920 412 944; x_wconf 83' lang='lat' dir='ltr'>totam</span> <span class='ocrx_word' id='word_1_144' title='bbox 427 911 504 945; x_wconf 80' lang='lat' dir='ltr'>eius</span> <span class='ocrx_word' id='word_1_145' title='bbox 520 911 629 946; x_wconf 86' lang='lat' dir='ltr'>vitam</span> <span class='ocrx_word' id='word_1_146' title='bbox 645 906 734 944; x_wconf 80' lang='lat' dir='ltr'>nihil</span> <span class='ocrx_word' id='word_1_147' title='bbox 747 907 846 944; x_wconf 87' lang='lat' dir='ltr'>aliud</span> <span class='ocrx_word' id='word_1_148' title='bbox 859 900 961 948; x_wconf 83' lang='lat' dir='ltr'>fuisse</span> <span class='ocrx_word' id='word_1_149' title='bbox 973 903 1079 955; x_wconf 65' lang='lat' dir='ltr'>quam</span> <span class='ocrx_word' id='word_1_150' title='bbox 1093 916 1275 955; x_wconf 73' lang='lat' dir='ltr'>perpetuae</span> <span class='ocrx_word' id='word_1_151' title='bbox 1287 916 1368 940; x_wconf 87' lang='lat' dir='ltr'>cru-</span> 
     </span>
     <span class='ocr_line' id='line_1_17' title="bbox 72 947 1537 1011; baseline -0.002 -14"><span class='ocrx_word' id='word_1_152' title='bbox 72 963 121 997; x_wconf 83' lang='lat' dir='ltr'>cis</span> <span class='ocrx_word' id='word_1_153' title='bbox 141 959 309 1010; x_wconf 85' lang='lat' dir='ltr'>speciem.</span> <span class='ocrx_word' id='word_1_154' title='bbox 325 959 481 997; x_wconf 79' lang='lat' dir='ltr'>Causam</span> <span class='ocrx_word' id='word_1_155' title='bbox 496 960 695 1011; x_wconf 84' lang='lat' dir='ltr'>Apostolus</span> <span class='ocrx_word' id='word_1_156' title='bbox 707 956 870 1011; x_wconf 80' lang='lat' dir='ltr'>assignat,</span> <span class='ocrx_word' id='word_1_157' title='bbox 885 955 986 1009; x_wconf 71' lang='lat' dir='ltr'>quod</span> <span class='ocrx_word' id='word_1_158' title='bbox 998 957 1243 994; x_wconf 78' lang='lat' dir='ltr'>obedientiam</span> <span class='ocrx_word' id='word_1_159' title='bbox 1257 954 1367 992; x_wconf 82' lang='lat' dir='ltr'>disce·</span> <span class='ocrx_word' id='word_1_160' title='bbox 1386 947 1486 984; x_wconf 55' lang='lat' dir='ltr'><em>Hvffi‘·</em></span> <span class='ocrx_word' id='word_1_161' title='bbox 1510 960 1537 994; x_wconf 84' lang='lat'>5·</span> 
     </span>
     <span class='ocr_line' id='line_1_18' title="bbox 75 1008 1433 1063; baseline -0.004 -14"><span class='ocrx_word' id='word_1_162' title='bbox 75 1026 114 1049; x_wconf 86' lang='lat' dir='ltr'>re</span> <span class='ocrx_word' id='word_1_163' title='bbox 128 1014 339 1062; x_wconf 83' lang='lat' dir='ltr'>oportuerit</span> <span class='ocrx_word' id='word_1_164' title='bbox 352 1025 394 1050; x_wconf 87' lang='lat' dir='ltr'>ex</span> <span class='ocrx_word' id='word_1_165' title='bbox 407 1015 449 1049; x_wconf 81' lang='lat' dir='ltr'>iis</span> <span class='ocrx_word' id='word_1_166' title='bbox 462 1024 542 1063; x_wconf 86' lang='lat' dir='ltr'>quae</span> <span class='ocrx_word' id='word_1_167' title='bbox 556 1009 671 1062; x_wconf 73' lang='lat' dir='ltr'>paffus</span> <span class='ocrx_word' id='word_1_168' title='bbox 693 1012 752 1048; x_wconf 88' lang='lat' dir='ltr'>est.</span> <span class='ocrx_word' id='word_1_169' title='bbox 777 1013 850 1047; x_wconf 85' lang='lat' dir='ltr'>Cur</span> <span class='ocrx_word' id='word_1_170' title='bbox 864 1023 930 1046; x_wconf 87' lang='lat' dir='ltr'>nos</span> <span class='ocrx_word' id='word_1_171' title='bbox 944 1023 1033 1061; x_wconf 81' lang='lat' dir='ltr'>ergo</span> <span class='ocrx_word' id='word_1_172' title='bbox 1045 1008 1088 1045; x_wconf 82' lang='lat' dir='ltr'>ab</span> <span class='ocrx_word' id='word_1_173' title='bbox 1100 1021 1141 1045; x_wconf 87' lang='lat' dir='ltr'>ea</span> <span class='ocrx_word' id='word_1_174' title='bbox 1154 1008 1368 1044; x_wconf 56' lang='lat' dir='ltr'>conditione</span> <span class='ocrx_word' id='word_1_175' title='bbox 1386 1008 1433 1037; x_wconf 51' lang='lat'>&lt;³8</span> 
     </span>
     <span class='ocr_line' id='line_1_19' title="bbox 71 1062 1372 1115; baseline -0.004 -13"><span class='ocrx_word' id='word_1_176' title='bbox 71 1065 279 1102; x_wconf 84' lang='lat' dir='ltr'>eximamus</span> <span class='ocrx_word' id='word_1_177' title='bbox 294 1091 303 1106; x_wconf 82' lang='grc'><em>,</em></span> <span class='ocrx_word' id='word_1_178' title='bbox 319 1077 429 1115; x_wconf 83' lang='lat' dir='ltr'>quam</span> <span class='ocrx_word' id='word_1_179' title='bbox 454 1065 571 1102; x_wconf 87' lang='lat' dir='ltr'>subire</span> <span class='ocrx_word' id='word_1_180' title='bbox 587 1063 768 1100; x_wconf 74' lang='lat' dir='ltr'>Christum</span> <span class='ocrx_word' id='word_1_181' title='bbox 781 1074 888 1111; x_wconf 81' lang='lat' dir='ltr'>caput</span> <span class='ocrx_word' id='word_1_182' title='bbox 907 1063 1065 1098; x_wconf 81' lang='lat' dir='ltr'>nostrum</span> <span class='ocrx_word' id='word_1_183' title='bbox 1079 1062 1244 1111; x_wconf 87' lang='lat' dir='ltr'>oportuit</span> <span class='ocrx_word' id='word_1_184' title='bbox 1260 1074 1267 1096; x_wconf 93' lang='lat'>:</span> <span class='ocrx_word' id='word_1_185' title='bbox 1281 1073 1372 1110; x_wconf 80' lang='lat' dir='ltr'>prae-</span> 
     </span>
     <span class='ocr_line' id='line_1_20' title="bbox 75 1113 1369 1166; baseline -0.004 -13"><span class='ocrx_word' id='word_1_186' title='bbox 75 1118 200 1154; x_wconf 86' lang='lat' dir='ltr'>sertim</span> <span class='ocrx_word' id='word_1_187' title='bbox 223 1129 337 1166; x_wconf 89' lang='lat' dir='ltr'>quum</span> <span class='ocrx_word' id='word_1_188' title='bbox 357 1117 479 1154; x_wconf 83' lang='lat' dir='ltr'>nostra</span> <span class='ocrx_word' id='word_1_189' title='bbox 501 1117 604 1153; x_wconf 84' lang='lat' dir='ltr'>causa</span> <span class='ocrx_word' id='word_1_190' title='bbox 626 1114 795 1156; x_wconf 87' lang='lat' dir='ltr'>subierit,</span> <span class='ocrx_word' id='word_1_191' title='bbox 813 1113 969 1151; x_wconf 82' lang='lat' dir='ltr'>vtnobis</span> <span class='ocrx_word' id='word_1_192' title='bbox 992 1115 1027 1149; x_wconf 90' lang='lat' dir='ltr'>in</span> <span class='ocrx_word' id='word_1_193' title='bbox 1052 1113 1167 1162; x_wconf 82' lang='lat' dir='ltr'>seipso</span> <span class='ocrx_word' id='word_1_194' title='bbox 1188 1114 1369 1162; x_wconf 71' lang='lat' dir='ltr'>patientiae</span> 
     </span>
     <span class='ocr_line' id='line_1_21' title="bbox 72 1164 1535 1220; baseline -0.005 -14"><span class='ocrx_word' id='word_1_195' title='bbox 72 1167 263 1218; x_wconf 73' lang='lat' dir='ltr'>exemplar</span> <span class='ocrx_word' id='word_1_196' title='bbox 273 1168 478 1206; x_wconf 78' lang='lat' dir='ltr'>exhiberet?</span> <span class='ocrx_word' id='word_1_197' title='bbox 500 1167 766 1220; x_wconf 84' lang='lat' dir='ltr'>Qamobrem</span> <span class='ocrx_word' id='word_1_198' title='bbox 786 1166 984 1217; x_wconf 76' lang='lat' dir='ltr'>Apostolus</span> <span class='ocrx_word' id='word_1_199' title='bbox 1006 1165 1176 1202; x_wconf 77' lang='lat' dir='ltr'>omnibus</span> <span class='ocrx_word' id='word_1_200' title='bbox 1197 1165 1278 1201; x_wconf 77' lang='lat' dir='ltr'>filiis</span> <span class='ocrx_word' id='word_1_201' title='bbox 1297 1165 1367 1201; x_wconf 87' lang='lat' dir='ltr'>Dei</span> <span class='ocrx_word' id='word_1_202' title='bbox 1391 1164 1486 1195; x_wconf 80' lang='lat' dir='ltr'>Rom.</span> <span class='ocrx_word' id='word_1_203' title='bbox 1502 1164 1535 1194; x_wconf 74' lang='lat'>8,</span> 
     </span>
     <span class='ocr_line' id='line_1_22' title="bbox 68 1216 1463 1262; baseline -0.004 -4"><span class='ocrx_word' id='word_1_204' title='bbox 68 1219 166 1258; x_wconf 82' lang='lat' dir='ltr'>hunc</span> <span class='ocrx_word' id='word_1_205' title='bbox 176 1217 247 1257; x_wconf 80' lang='lat' dir='ltr'>esse</span> <span class='ocrx_word' id='word_1_206' title='bbox 262 1219 475 1258; x_wconf 85' lang='lat' dir='ltr'>destinatum</span> <span class='ocrx_word' id='word_1_207' title='bbox 498 1219 610 1257; x_wconf 86' lang='lat' dir='ltr'>finem</span> <span class='ocrx_word' id='word_1_208' title='bbox 624 1218 731 1257; x_wconf 87' lang='lat' dir='ltr'>docet</span> <span class='ocrx_word' id='word_1_209' title='bbox 745 1246 754 1262; x_wconf 96' lang='lat'>,</span> <span class='ocrx_word' id='word_1_210' title='bbox 772 1232 809 1256; x_wconf 89' lang='lat' dir='ltr'>vt</span> <span class='ocrx_word' id='word_1_211' title='bbox 821 1217 1032 1257; x_wconf 78' lang='lat' dir='ltr'>conformes</span> <span class='ocrx_word' id='word_1_212' title='bbox 1058 1221 1134 1254; x_wconf 82' lang='lat' dir='ltr'>eius</span> <span class='ocrx_word' id='word_1_213' title='bbox 1147 1216 1246 1254; x_wconf 82' lang='lat' dir='ltr'>fiant.</span> <span class='ocrx_word' id='word_1_214' title='bbox 1263 1216 1366 1253; x_wconf 82' lang='lat' dir='ltr'>Vnde</span> <span class='ocrx_word' id='word_1_215' title='bbox 1386 1223 1463 1252; x_wconf 75' lang='lat' dir='ltr'>e·29</span> 
     </span>
     <span class='ocr_line' id='line_1_23' title="bbox 72 1269 1366 1327; baseline -0.003 -17"><span class='ocrx_word' id='word_1_216' title='bbox 72 1272 185 1310; x_wconf 87' lang='lat' dir='ltr'>etiam</span> <span class='ocrx_word' id='word_1_217' title='bbox 202 1273 348 1327; x_wconf 73' lang='lat' dir='ltr'>insignis</span> <span class='ocrx_word' id='word_1_218' title='bbox 371 1271 579 1309; x_wconf 84' lang='lat' dir='ltr'>consolatio</span> <span class='ocrx_word' id='word_1_219' title='bbox 591 1273 636 1309; x_wconf 85' lang='lat' dir='ltr'>ad</span> <span class='ocrx_word' id='word_1_220' title='bbox 649 1286 715 1309; x_wconf 87' lang='lat' dir='ltr'>nos</span> <span class='ocrx_word' id='word_1_221' title='bbox 730 1270 821 1309; x_wconf 83' lang='lat' dir='ltr'>redit</span> <span class='ocrx_word' id='word_1_222' title='bbox 833 1298 843 1313; x_wconf 86' lang='lat'>‚</span> <span class='ocrx_word' id='word_1_223' title='bbox 856 1274 891 1307; x_wconf 82' lang='lat' dir='ltr'>in</span> <span class='ocrx_word' id='word_1_224' title='bbox 905 1272 1011 1308; x_wconf 85' lang='lat' dir='ltr'>rebus</span> <span class='ocrx_word' id='word_1_225' title='bbox 1027 1269 1121 1307; x_wconf 87' lang='lat' dir='ltr'>duris</span> <span class='ocrx_word' id='word_1_226' title='bbox 1145 1282 1253 1316; x_wconf 80' lang='lat' dir='ltr'>atque</span> <span class='ocrx_word' id='word_1_227' title='bbox 1266 1269 1366 1317; x_wconf 80' lang='lat' dir='ltr'>aspe-</span> 
     </span>
     <span class='ocr_line' id='line_1_24' title="bbox 68 1320 1361 1376; baseline -0.003 -15"><span class='ocrx_word' id='word_1_228' title='bbox 68 1325 118 1361; x_wconf 89' lang='lat' dir='ltr'>ris</span> <span class='ocrx_word' id='word_1_229' title='bbox 131 1351 140 1366; x_wconf 91' lang='lat'>,</span> <span class='ocrx_word' id='word_1_230' title='bbox 155 1325 398 1375; x_wconf 83' lang='lat' dir='ltr'>quaeaduersae</span> <span class='ocrx_word' id='word_1_231' title='bbox 412 1323 592 1376; x_wconf 74' lang='lat' dir='ltr'>malaec¹1ue</span> <span class='ocrx_word' id='word_1_232' title='bbox 609 1326 860 1362; x_wconf 75' lang='lat' dir='ltr'>existimantur</span> <span class='ocrx_word' id='word_1_233' title='bbox 872 1350 881 1366; x_wconf 88' lang='lat'>‚</span> <span class='ocrx_word' id='word_1_234' title='bbox 895 1337 960 1360; x_wconf 88' lang='lat' dir='ltr'>nos</span> <span class='ocrx_word' id='word_1_235' title='bbox 977 1323 1110 1360; x_wconf 79' lang='lat' dir='ltr'>Christi</span> <span class='ocrx_word' id='word_1_236' title='bbox 1134 1320 1361 1372; x_wconf 74' lang='lat' dir='ltr'>pastionibus</span> 
     </span>
     <span class='ocr_line' id='line_1_25' title="bbox 70 1374 1369 1427; baseline -0.002 -14"><span class='ocrx_word' id='word_1_237' title='bbox 70 1378 368 1414; x_wconf 88' lang='lat' dir='ltr'>communicare:</span> <span class='ocrx_word' id='word_1_238' title='bbox 383 1389 420 1415; x_wconf 89' lang='lat' dir='ltr'>vt</span> <span class='ocrx_word' id='word_1_239' title='bbox 435 1376 750 1427; x_wconf 83' lang='lat' dir='ltr'>quemadmodum</span> <span class='ocrx_word' id='word_1_240' title='bbox 763 1376 826 1413; x_wconf 90' lang='lat' dir='ltr'>ille</span> <span class='ocrx_word' id='word_1_241' title='bbox 842 1375 862 1414; x_wconf 76' lang='grc' dir='ltr'>ὲ</span> <span class='ocrx_word' id='word_1_242' title='bbox 875 1376 1056 1413; x_wconf 88' lang='lat' dir='ltr'>malorum</span> <span class='ocrx_word' id='word_1_243' title='bbox 1079 1377 1248 1412; x_wconf 87' lang='lat' dir='ltr'>omnium</span> <span class='ocrx_word' id='word_1_244' title='bbox 1264 1374 1369 1422; x_wconf 79' lang='lat' dir='ltr'>laby·</span> 
     </span>
     <span class='ocr_line' id='line_1_26' title="bbox 69 1426 1371 1482; baseline -0.003 -17"><span class='ocrx_word' id='word_1_245' title='bbox 69 1427 195 1466; x_wconf 88' lang='lat' dir='ltr'>rintho</span> <span class='ocrx_word' id='word_1_246' title='bbox 211 1431 245 1464; x_wconf 89' lang='lat' dir='ltr'>in</span> <span class='ocrx_word' id='word_1_247' title='bbox 260 1428 419 1481; x_wconf 78' lang='lat' dir='ltr'>gloriam</span> <span class='ocrx_word' id='word_1_248' title='bbox 436 1430 610 1467; x_wconf 82' lang='lat' dir='ltr'>caelestem</span> <span class='ocrx_word' id='word_1_249' title='bbox 622 1426 797 1482; x_wconf 72' lang='lat' dir='ltr'>ingressus</span> <span class='ocrx_word' id='word_1_250' title='bbox 809 1429 859 1467; x_wconf 85' lang='lat' dir='ltr'>est</span> <span class='ocrx_word' id='word_1_251' title='bbox 871 1455 880 1470; x_wconf 88' lang='lat'><strong>‚</strong></span> <span class='ocrx_word' id='word_1_252' title='bbox 897 1430 946 1465; x_wconf 89' lang='lat' dir='ltr'>ita</span> <span class='ocrx_word' id='word_1_253' title='bbox 957 1431 991 1465; x_wconf 91' lang='lat' dir='ltr'>in</span> <span class='ocrx_word' id='word_1_254' title='bbox 1005 1427 1158 1464; x_wconf 75' lang='lat' dir='ltr'>eandem</span> <span class='ocrx_word' id='word_1_255' title='bbox 1181 1440 1245 1477; x_wconf 81' lang='lat' dir='ltr'>per</span> <span class='ocrx_word' id='word_1_256' title='bbox 1258 1429 1371 1462; x_wconf 78' lang='lat' dir='ltr'>varias</span> 
     </span>
     <span class='ocr_line' id='line_1_27' title="bbox 71 1477 1535 1531; baseline -0.001 -14"><span class='ocrx_word' id='word_1_257' title='bbox 71 1480 334 1518; x_wconf 79' lang='lat' dir='ltr'>tribulationes</span> <span class='ocrx_word' id='word_1_258' title='bbox 348 1480 633 1519; x_wconf 80' lang='lat' dir='ltr'>deducamur.fic</span> <span class='ocrx_word' id='word_1_259' title='bbox 646 1494 744 1518; x_wconf 82' lang='lat' dir='ltr'>enim</span> <span class='ocrx_word' id='word_1_260' title='bbox 759 1482 924 1531; x_wconf 89' lang='lat' dir='ltr'>quuitur</span> <span class='ocrx_word' id='word_1_261' title='bbox 936 1481 1162 1517; x_wconf 88' lang='lat' dir='ltr'>alibiPaulus</span> <span class='ocrx_word' id='word_1_262' title='bbox 1177 1477 1370 1529; x_wconf 75' lang='lat' dir='ltr'>ipse:quod</span> <span class='ocrx_word' id='word_1_263' title='bbox 1384 1478 1466 1515; x_wconf 58' lang='lat' dir='ltr'>Ac‘l.</span> <span class='ocrx_word' id='word_1_264' title='bbox 1482 1477 1535 1525; x_wconf 59' lang='lat' dir='ltr'>14ss</span> 
     </span>
     <span class='ocr_line' id='line_1_28' title="bbox 80 1530 1459 1582; baseline 0 -13"><span class='ocrx_word' id='word_1_265' title='bbox 80 1532 169 1569; x_wconf 88' lang='lat' dir='ltr'>dum</span> <span class='ocrx_word' id='word_1_266' title='bbox 183 1533 447 1570; x_wconf 81' lang='lat' dir='ltr'>communione&#39;</span> <span class='ocrx_word' id='word_1_267' title='bbox 459 1532 630 1571; x_wconf 82' lang='lat' dir='ltr'>discimus</span> <span class='ocrx_word' id='word_1_268' title='bbox 643 1532 885 1571; x_wconf 67' lang='lat' dir='ltr'>afflistionum</span> <span class='ocrx_word' id='word_1_269' title='bbox 900 1535 975 1570; x_wconf 90' lang='lat' dir='ltr'>eius</span> <span class='ocrx_word' id='word_1_270' title='bbox 986 1559 996 1574; x_wconf 84' lang='lat'><strong>‚</strong></span> <span class='ocrx_word' id='word_1_271' title='bbox 1010 1533 1114 1570; x_wconf 79' lang='lat' dir='ltr'>simul</span> <span class='ocrx_word' id='word_1_272' title='bbox 1127 1530 1364 1582; x_wconf 76' lang='lat' dir='ltr'>apprehendi-</span> <span class='ocrx_word' id='word_1_273' title='bbox 1384 1532 1459 1569; x_wconf 76' lang='lat' dir='ltr'>d-zz.</span> 
     </span>
     <span class='ocr_line' id='line_1_29' title="bbox 71 1582 1538 1635; baseline 0 -14"><span class='ocrx_word' id='word_1_274' title='bbox 71 1597 154 1622; x_wconf 81' lang='lat' dir='ltr'>mus</span> <span class='ocrx_word' id='word_1_275' title='bbox 175 1587 382 1633; x_wconf 83' lang='lat' dir='ltr'>potentiam</span> <span class='ocrx_word' id='word_1_276' title='bbox 401 1584 688 1622; x_wconf 68' lang='lat' dir='ltr'>resurreaionis:</span> <span class='ocrx_word' id='word_1_277' title='bbox 703 1599 743 1624; x_wconf 80' lang='lat' dir='ltr'>ac</span> <span class='ocrx_word' id='word_1_278' title='bbox 756 1582 841 1624; x_wconf 82' lang='lat' dir='ltr'>dum</span> <span class='ocrx_word' id='word_1_279' title='bbox 856 1583 1068 1622; x_wconf 83' lang='lat' dir='ltr'>conformes</span> <span class='ocrx_word' id='word_1_280' title='bbox 1080 1585 1259 1621; x_wconf 83' lang='lat' dir='ltr'>reddimur</span> <span class='ocrx_word' id='word_1_281' title='bbox 1271 1597 1369 1620; x_wconf 89' lang='lat' dir='ltr'>mor-</span> <span class='ocrx_word' id='word_1_282' title='bbox 1385 1586 1538 1635; x_wconf 64' lang='lat' dir='ltr'>Plnlip3.</span> 
     </span>
     <span class='ocr_line' id='line_1_30' title="bbox 75 1636 1461 1691; baseline 0.001 -18"><span class='ocrx_word' id='word_1_283' title='bbox 75 1647 106 1673; x_wconf 83' lang='lat' dir='ltr'>ti</span> <span class='ocrx_word' id='word_1_284' title='bbox 121 1638 198 1673; x_wconf 89' lang='lat' dir='ltr'>eius</span> <span class='ocrx_word' id='word_1_285' title='bbox 214 1663 223 1678; x_wconf 85' lang='lat'>,</span> <span class='ocrx_word' id='word_1_286' title='bbox 238 1638 289 1674; x_wconf 85' lang='lat' dir='ltr'>ita</span> <span class='ocrx_word' id='word_1_287' title='bbox 316 1650 558 1688; x_wconf 66' lang='lat' dir='ltr'>praeparamur</span> <span class='ocrx_word' id='word_1_288' title='bbox 577 1637 621 1675; x_wconf 86' lang='lat' dir='ltr'>ad</span> <span class='ocrx_word' id='word_1_289' title='bbox 643 1639 814 1691; x_wconf 77' lang='lat' dir='ltr'>gloriosa:</span> <span class='ocrx_word' id='word_1_290' title='bbox 834 1637 1106 1675; x_wconf 66' lang='lat' dir='ltr'>resurreffiorns</span> <span class='ocrx_word' id='word_1_291' title='bbox 1129 1637 1368 1673; x_wconf 86' lang='lat' dir='ltr'>consortium.</span> <span class='ocrx_word' id='word_1_292' title='bbox 1388 1636 1461 1674; x_wconf 56' lang='grc' dir='ltr'>ΖΜΟ</span> 
     </span>
     <span class='ocr_line' id='line_1_31' title="bbox 73 1688 1366 1739; baseline 0.001 -16"><span class='ocrx_word' id='word_1_293' title='bbox 73 1688 268 1739; x_wconf 80' lang='lat' dir='ltr'>thum</span> <span class='ocrx_word' id='word_1_294' title='bbox 283 1688 354 1725; x_wconf 88' lang='lat' dir='ltr'>hoc</span> <span class='ocrx_word' id='word_1_295' title='bbox 376 1690 499 1726; x_wconf 82' lang='lat' dir='ltr'>valere</span> <span class='ocrx_word' id='word_1_296' title='bbox 513 1691 631 1739; x_wconf 86' lang='lat' dir='ltr'>potest</span> <span class='ocrx_word' id='word_1_297' title='bbox 644 1689 689 1727; x_wconf 82' lang='lat' dir='ltr'>ad</span> <span class='ocrx_word' id='word_1_298' title='bbox 712 1689 917 1726; x_wconf 84' lang='lat' dir='ltr'>leniendam</span> <span class='ocrx_word' id='word_1_299' title='bbox 930 1702 1081 1727; x_wconf 87' lang='lat' dir='ltr'>omnem</span> <span class='ocrx_word' id='word_1_300' title='bbox 1104 1690 1215 1726; x_wconf 86' lang='lat' dir='ltr'>crucis</span> <span class='ocrx_word' id='word_1_301' title='bbox 1228 1688 1366 1725; x_wconf 81' lang='lat' dir='ltr'>acerbi-</span> 
     </span>
     <span class='ocr_line' id='line_1_32' title="bbox 74 1736 1367 1796; baseline -0.001 -19"><span class='ocrx_word' id='word_1_302' title='bbox 74 1739 308 1791; x_wconf 74' lang='lat' dir='ltr'>tatem.quod</span> <span class='ocrx_word' id='word_1_303' title='bbox 321 1738 395 1790; x_wconf 73' lang='lat' dir='ltr'>quo</span> <span class='ocrx_word' id='word_1_304' title='bbox 408 1744 519 1796; x_wconf 79' lang='lat' dir='ltr'>magis</span> <span class='ocrx_word' id='word_1_305' title='bbox 539 1741 646 1779; x_wconf 88' lang='lat' dir='ltr'>rebus</span> <span class='ocrx_word' id='word_1_306' title='bbox 658 1741 812 1780; x_wconf 76' lang='lat' dir='ltr'>aduersis</span> <span class='ocrx_word' id='word_1_307' title='bbox 825 1741 1057 1783; x_wconf 52' lang='lat' dir='ltr'>affliiffhmur,</span> <span class='ocrx_word' id='word_1_308' title='bbox 1072 1738 1118 1779; x_wconf 78' lang='grc' dir='ltr'>εὸ</span> <span class='ocrx_word' id='word_1_309' title='bbox 1133 1736 1264 1778; x_wconf 73' lang='lat' dir='ltr'>certius</span> <span class='ocrx_word' id='word_1_310' title='bbox 1277 1753 1367 1776; x_wconf 87' lang='lat' dir='ltr'>con-</span> 
     </span>
     <span class='ocr_line' id='line_1_33' title="bbox 72 1789 1368 1843; baseline 0.001 -14"><span class='ocrx_word' id='word_1_311' title='bbox 72 1790 241 1829; x_wconf 81' lang='lat' dir='ltr'>firmatur</span> <span class='ocrx_word' id='word_1_312' title='bbox 255 1793 376 1831; x_wconf 83' lang='lat' dir='ltr'>nostra</span> <span class='ocrx_word' id='word_1_313' title='bbox 399 1805 481 1830; x_wconf 86' lang='lat' dir='ltr'>cum</span> <span class='ocrx_word' id='word_1_314' title='bbox 501 1793 647 1831; x_wconf 85' lang='lat' dir='ltr'>Christo</span> <span class='ocrx_word' id='word_1_315' title='bbox 659 1793 825 1831; x_wconf 82' lang='lat' dir='ltr'>societas?</span> <span class='ocrx_word' id='word_1_316' title='bbox 839 1796 938 1831; x_wconf 80' lang='lat' dir='ltr'>cuius</span> <span class='ocrx_word' id='word_1_317' title='bbox 951 1795 1217 1831; x_wconf 84' lang='lat' dir='ltr'>communione</span> <span class='ocrx_word' id='word_1_318' title='bbox 1229 1789 1368 1843; x_wconf 77' lang='lat' dir='ltr'>passio-</span> 
     </span>
     <span class='ocr_line' id='line_1_34' title="bbox 73 1843 1366 1896; baseline 0.002 -16"><span class='ocrx_word' id='word_1_319' title='bbox 73 1857 136 1881; x_wconf 85' lang='lat' dir='ltr'>nes</span> <span class='ocrx_word' id='word_1_320' title='bbox 152 1843 234 1894; x_wconf 89' lang='lat' dir='ltr'>ipsae</span> <span class='ocrx_word' id='word_1_321' title='bbox 248 1857 321 1882; x_wconf 92' lang='lat' dir='ltr'>non</span> <span class='ocrx_word' id='word_1_322' title='bbox 343 1844 460 1882; x_wconf 74' lang='lat' dir='ltr'>modo</span> <span class='ocrx_word' id='word_1_323' title='bbox 471 1844 672 1883; x_wconf 59' lang='lat' dir='ltr'>benedi-stae</span> <span class='ocrx_word' id='word_1_324' title='bbox 693 1846 798 1883; x_wconf 84' lang='lat' dir='ltr'>nobis</span> <span class='ocrx_word' id='word_1_325' title='bbox 810 1845 902 1883; x_wconf 85' lang='lat' dir='ltr'>fiunt</span> <span class='ocrx_word' id='word_1_326' title='bbox 916 1873 926 1888; x_wconf 82' lang='lat'>,</span> <span class='ocrx_word' id='word_1_327' title='bbox 942 1845 999 1883; x_wconf 90' lang='lat' dir='ltr'>sed</span> <span class='ocrx_word' id='word_1_328' title='bbox 1012 1846 1057 1882; x_wconf 90' lang='lat' dir='ltr'>ad</span> <span class='ocrx_word' id='word_1_329' title='bbox 1070 1846 1366 1896; x_wconf 81' lang='lat' dir='ltr'>promouendam</span> 
     </span>
     <span class='ocr_line' id='line_1_35' title="bbox 72 1895 1139 1946; baseline 0.002 -14"><span class='ocrx_word' id='word_1_330' title='bbox 72 1908 224 1946; x_wconf 78' lang='lat' dir='ltr'>quoque</span> <span class='ocrx_word' id='word_1_331' title='bbox 235 1897 396 1934; x_wconf 86' lang='lat' dir='ltr'>nostram</span> <span class='ocrx_word' id='word_1_332' title='bbox 410 1897 560 1935; x_wconf 84' lang='lat' dir='ltr'>salutem</span> <span class='ocrx_word' id='word_1_333' title='bbox 575 1897 734 1935; x_wconf 86' lang='lat' dir='ltr'>multum</span> <span class='ocrx_word' id='word_1_334' title='bbox 749 1895 908 1935; x_wconf 76' lang='lat' dir='ltr'>afferunt</span> <span class='ocrx_word' id='word_1_335' title='bbox 922 1897 1139 1936; x_wconf 75' lang='lat' dir='ltr'>adiumenti.</span> 
     </span>
     <span class='ocr_line' id='line_1_36' title="bbox 121 1945 1366 1999; baseline 0.002 -15"><span class='ocrx_word' id='word_1_336' title='bbox 121 1962 140 1984; x_wconf 84' lang='lat'>2</span> <span class='ocrx_word' id='word_1_337' title='bbox 198 1948 300 1986; x_wconf 77' lang='lat' dir='ltr'>Adde</span> <span class='ocrx_word' id='word_1_338' title='bbox 313 1947 415 1998; x_wconf 73' lang='lat' dir='ltr'>quod</span> <span class='ocrx_word' id='word_1_339' title='bbox 429 1952 613 1988; x_wconf 85' lang='lat' dir='ltr'>Dominus</span> <span class='ocrx_word' id='word_1_340' title='bbox 625 1950 745 1987; x_wconf 82' lang='lat' dir='ltr'>noster</span> <span class='ocrx_word' id='word_1_341' title='bbox 758 1962 901 1987; x_wconf 86' lang='lat' dir='ltr'>crucem</span> <span class='ocrx_word' id='word_1_342' title='bbox 918 1948 1106 1987; x_wconf 85' lang='lat' dir='ltr'>ferendam</span> <span class='ocrx_word' id='word_1_343' title='bbox 1123 1945 1299 1999; x_wconf 86' lang='lat' dir='ltr'>suscipere</span> <span class='ocrx_word' id='word_1_344' title='bbox 1311 1950 1366 1986; x_wconf 87' lang='lat' dir='ltr'>ni-</span> 
     </span>
     <span class='ocr_line' id='line_1_37' title="bbox 72 1995 1363 2053; baseline 0.001 -17"><span class='ocrx_word' id='word_1_345' title='bbox 72 1998 125 2037; x_wconf 79' lang='lat' dir='ltr'>hil</span> <span class='ocrx_word' id='word_1_346' title='bbox 140 1995 281 2038; x_wconf 73' lang='lat' dir='ltr'>necesse</span> <span class='ocrx_word' id='word_1_347' title='bbox 296 2001 425 2040; x_wconf 84' lang='lat' dir='ltr'>habuit</span> <span class='ocrx_word' id='word_1_348' title='bbox 437 2002 500 2038; x_wconf 81' lang='lat' dir='ltr'>nifi</span> <span class='ocrx_word' id='word_1_349' title='bbox 511 2001 554 2039; x_wconf 85' lang='lat' dir='ltr'>ad</span> <span class='ocrx_word' id='word_1_350' title='bbox 568 2002 766 2039; x_wconf 83' lang='lat' dir='ltr'>testandam</span> <span class='ocrx_word' id='word_1_351' title='bbox 780 1999 1127 2053; x_wconf 67' lang='lat' dir='ltr'>approbandzimque</span> <span class='ocrx_word' id='word_1_352' title='bbox 1149 2004 1247 2039; x_wconf 72' lang='lat' dir='ltr'>Patri</span> <span class='ocrx_word' id='word_1_353' title='bbox 1263 2002 1363 2038; x_wconf 87' lang='lat' dir='ltr'>suam</span> 
     </span>
     <span class='ocr_line' id='line_1_38' title="bbox 74 2051 1369 2093; baseline 0.002 -4"><span class='ocrx_word' id='word_1_354' title='bbox 74 2051 344 2091; x_wconf 85' lang='lat' dir='ltr'>obedientiam.</span> <span class='ocrx_word' id='word_1_355' title='bbox 359 2054 464 2091; x_wconf 83' lang='lat' dir='ltr'>nobis</span> <span class='ocrx_word' id='word_1_356' title='bbox 474 2052 566 2091; x_wconf 67' lang='lat' dir='ltr'>vero</span> <span class='ocrx_word' id='word_1_357' title='bbox 579 2054 702 2092; x_wconf 77' lang='lat' dir='ltr'>multis</span> <span class='ocrx_word' id='word_1_358' title='bbox 719 2054 919 2092; x_wconf 79' lang='lat' dir='ltr'>rationibus</span> <span class='ocrx_word' id='word_1_359' title='bbox 935 2051 1074 2092; x_wconf 79' lang='lat' dir='ltr'>necesse</span> <span class='ocrx_word' id='word_1_360' title='bbox 1087 2057 1136 2093; x_wconf 88' lang='lat' dir='ltr'>est</span> <span class='ocrx_word' id='word_1_361' title='bbox 1151 2054 1213 2092; x_wconf 87' lang='lat' dir='ltr'>sub</span> <span class='ocrx_word' id='word_1_362' title='bbox 1224 2051 1369 2091; x_wconf 81' lang='lat' dir='ltr'>affidua&#39;</span> 
     </span>
     <span class='ocr_line' id='line_1_39' title="bbox 72 2104 1420 2158; baseline 0.001 -18"><span class='ocrx_word' id='word_1_363' title='bbox 72 2117 177 2142; x_wconf 83' lang='lat' dir='ltr'>cruce</span> <span class='ocrx_word' id='word_1_364' title='bbox 192 2107 261 2142; x_wconf 73' lang='lat' dir='ltr'>vita</span> <span class='ocrx_word' id='word_1_365' title='bbox 275 2104 422 2156; x_wconf 80' lang='lat' dir='ltr'>degere.</span> <span class='ocrx_word' id='word_1_366' title='bbox 435 2107 556 2144; x_wconf 65' lang='lat' dir='ltr'>Primii</span> <span class='ocrx_word' id='word_1_367' title='bbox 570 2111 625 2156; x_wconf 86' lang='lat' dir='ltr'>(vt</span> <span class='ocrx_word' id='word_1_368' title='bbox 639 2119 766 2144; x_wconf 83' lang='lat' dir='ltr'>natura</span> <span class='ocrx_word' id='word_1_369' title='bbox 780 2109 896 2145; x_wconf 74' lang='lat' dir='ltr'>nimiu</span> <span class='ocrx_word' id='word_1_370' title='bbox 910 2107 1077 2158; x_wconf 74' lang='lat' dir='ltr'>propensi</span> <span class='ocrx_word' id='word_1_371' title='bbox 1089 2106 1209 2145; x_wconf 89' lang='lat' dir='ltr'>sumus</span> <span class='ocrx_word' id='word_1_372' title='bbox 1223 2104 1268 2142; x_wconf 87' lang='lat' dir='ltr'>ad</span> <span class='ocrx_word' id='word_1_373' title='bbox 1279 2118 1364 2142; x_wconf 83' lang='lat' dir='ltr'>om-</span> <span class='ocrx_word' id='word_1_374' title='bbox 1390 2121 1420 2150; x_wconf 62' lang='grc' dir='ltr'>ι,</span> 
     </span>
     <span class='ocr_line' id='line_1_40' title="bbox 74 2158 1364 2205; baseline 0.002 -13"><span class='ocrx_word' id='word_1_375' title='bbox 74 2159 134 2193; x_wconf 78' lang='lat' dir='ltr'>nia</span> <span class='ocrx_word' id='word_1_376' title='bbox 147 2158 244 2194; x_wconf 80' lang='lat' dir='ltr'>carni</span> <span class='ocrx_word' id='word_1_377' title='bbox 261 2161 390 2196; x_wconf 84' lang='lat' dir='ltr'>nostrae</span> <span class='ocrx_word' id='word_1_378' title='bbox 404 2159 612 2205; x_wconf 87' lang='lat' dir='ltr'>tribuenda)</span> <span class='ocrx_word' id='word_1_379' title='bbox 627 2159 691 2196; x_wconf 78' lang='lat' dir='ltr'>nisi</span> <span class='ocrx_word' id='word_1_380' title='bbox 702 2159 808 2196; x_wconf 87' lang='lat' dir='ltr'>nobis</span> <span class='ocrx_word' id='word_1_381' title='bbox 825 2159 1059 2197; x_wconf 81' lang='lat' dir='ltr'>imbecillitas</span> <span class='ocrx_word' id='word_1_382' title='bbox 1074 2162 1194 2197; x_wconf 83' lang='lat' dir='ltr'>nostra</span> <span class='ocrx_word' id='word_1_383' title='bbox 1209 2158 1309 2197; x_wconf 87' lang='lat' dir='ltr'>velut</span> <span class='ocrx_word' id='word_1_384' title='bbox 1320 2172 1364 2195; x_wconf 93' lang='lat' dir='ltr'>o-</span> 
     </span>
     <span class='ocr_line' id='line_1_41' title="bbox 74 2208 1361 2263; baseline 0.002 -19"><span class='ocrx_word' id='word_1_385' title='bbox 74 2208 159 2245; x_wconf 90' lang='lat' dir='ltr'>culo</span> <span class='ocrx_word' id='word_1_386' title='bbox 173 2211 396 2248; x_wconf 78' lang='lat' dir='ltr'>demostrata</span> <span class='ocrx_word' id='word_1_387' title='bbox 411 2208 534 2254; x_wconf 83' lang='lat' dir='ltr'>fuerit,</span> <span class='ocrx_word' id='word_1_388' title='bbox 552 2210 658 2249; x_wconf 74' lang='lat' dir='ltr'>facile</span> <span class='ocrx_word' id='word_1_389' title='bbox 673 2213 803 2250; x_wconf 74' lang='lat' dir='ltr'>virtute</span> <span class='ocrx_word' id='word_1_390' title='bbox 817 2213 936 2248; x_wconf 68' lang='lat' dir='ltr'>nostra</span> <span class='ocrx_word' id='word_1_391' title='bbox 950 2211 1052 2263; x_wconf 87' lang='lat' dir='ltr'>supra</span> <span class='ocrx_word' id='word_1_392' title='bbox 1064 2213 1194 2250; x_wconf 85' lang='lat' dir='ltr'>iustum</span> <span class='ocrx_word' id='word_1_393' title='bbox 1207 2212 1361 2248; x_wconf 84' lang='lat' dir='ltr'>modum</span> 
     </span>
     <span class='ocr_line' id='line_1_42' title="bbox 77 2260 1363 2317; baseline 0.002 -21"><span class='ocrx_word' id='word_1_394' title='bbox 77 2261 304 2304; x_wconf 71' lang='lat' dir='ltr'>aestimamus,</span> <span class='ocrx_word' id='word_1_395' title='bbox 320 2275 386 2300; x_wconf 88' lang='lat' dir='ltr'>nec</span> <span class='ocrx_word' id='word_1_396' title='bbox 398 2263 619 2306; x_wconf 82' lang='lat' dir='ltr'>dubitamus,</span> <span class='ocrx_word' id='word_1_397' title='bbox 632 2264 804 2317; x_wconf 88' lang='lat' dir='ltr'>quicquid</span> <span class='ocrx_word' id='word_1_398' title='bbox 817 2265 976 2307; x_wconf 86' lang='lat' dir='ltr'>eueniat,</span> <span class='ocrx_word' id='word_1_399' title='bbox 988 2277 1114 2302; x_wconf 85' lang='lat' dir='ltr'>contra</span> <span class='ocrx_word' id='word_1_400' title='bbox 1125 2278 1253 2301; x_wconf 86' lang='lat' dir='ltr'>ornnes</span> <span class='ocrx_word' id='word_1_401' title='bbox 1267 2260 1363 2299; x_wconf 62' lang='lat' dir='ltr'>diffi-</span> 
     </span>
     <span class='ocr_line' id='line_1_43' title="bbox 76 2313 1360 2354; baseline 0.003 -7"><span class='ocrx_word' id='word_1_402' title='bbox 76 2314 229 2350; x_wconf 85' lang='lat' dir='ltr'>cultates</span> <span class='ocrx_word' id='word_1_403' title='bbox 254 2313 407 2353; x_wconf 62' lang='lat' dir='ltr'>infracti</span> <span class='ocrx_word' id='word_1_404' title='bbox 419 2313 499 2352; x_wconf 82' lang='lat' dir='ltr'>fore</span> <span class='ocrx_word' id='word_1_405' title='bbox 514 2320 546 2353; x_wconf 85' lang='lat'>&amp;</span> <span class='ocrx_word' id='word_1_406' title='bbox 567 2317 715 2354; x_wconf 60' lang='lat' dir='ltr'>inuiftfi.</span> <span class='ocrx_word' id='word_1_407' title='bbox 728 2316 876 2354; x_wconf 89' lang='lat' dir='ltr'>Vndein</span> <span class='ocrx_word' id='word_1_408' title='bbox 896 2316 1062 2354; x_wconf 84' lang='lat' dir='ltr'>stolidam</span> <span class='ocrx_word' id='word_1_409' title='bbox 1083 2322 1115 2354; x_wconf 74' lang='lat'>8&lt;</span> <span class='ocrx_word' id='word_1_410' title='bbox 1129 2318 1360 2353; x_wconf 73' lang='lat' dir='ltr'>inanecarnis</span> 
     </span>
     <span class='ocr_line' id='line_1_44' title="bbox 79 2363 1361 2417; baseline 0.003 -18"><span class='ocrx_word' id='word_1_411' title='bbox 79 2363 336 2404; x_wconf 83' lang='lat' dir='ltr'>confidentiam</span> <span class='ocrx_word' id='word_1_412' title='bbox 351 2367 630 2417; x_wconf 59' lang='lat' dir='ltr'>euehimur&#39;qua</span> <span class='ocrx_word' id='word_1_413' title='bbox 642 2367 984 2412; x_wconf 72' lang='lat' dir='ltr'>freti,cf&gt;tumaciter</span> <span class='ocrx_word' id='word_1_414' title='bbox 996 2369 1124 2406; x_wconf 86' lang='lat' dir='ltr'>deinde</span> <span class='ocrx_word' id='word_1_415' title='bbox 1138 2370 1361 2417; x_wconf 77' lang='lat' dir='ltr'>superbimus</span> 
     </span>
     <span class='ocr_line' id='line_1_45' title="bbox 75 2416 1403 2471; baseline 0.003 -20"><span class='ocrx_word' id='word_1_416' title='bbox 75 2416 111 2451; x_wconf 86' lang='lat' dir='ltr'>in</span> <span class='ocrx_word' id='word_1_417' title='bbox 126 2419 250 2453; x_wconf 88' lang='lat' dir='ltr'>Deum</span> <span class='ocrx_word' id='word_1_418' title='bbox 264 2417 378 2468; x_wconf 88' lang='lat' dir='ltr'>ipsum</span> <span class='ocrx_word' id='word_1_419' title='bbox 391 2447 401 2461; x_wconf 82' lang='grc'><em>,</em></span> <span class='ocrx_word' id='word_1_420' title='bbox 423 2420 573 2470; x_wconf 80' lang='lat' dir='ltr'>perinde</span> <span class='ocrx_word' id='word_1_421' title='bbox 587 2434 627 2459; x_wconf 82' lang='lat' dir='ltr'>ac</span> <span class='ocrx_word' id='word_1_422' title='bbox 639 2422 663 2458; x_wconf 84' lang='lat' dir='ltr'>fi</span> <span class='ocrx_word' id='word_1_423' title='bbox 676 2422 831 2471; x_wconf 32' lang='lat' dir='ltr'>profpriae</span> <span class='ocrx_word' id='word_1_424' title='bbox 852 2421 958 2458; x_wconf 87' lang='lat' dir='ltr'>nobis</span> <span class='ocrx_word' id='word_1_425' title='bbox 981 2419 1173 2459; x_wconf 65' lang='lat' dir='ltr'>facultates</span> <span class='ocrx_word' id='word_1_426' title='bbox 1185 2422 1362 2457; x_wconf 76' lang='lat' dir='ltr'>citraeius</span> <span class='ocrx_word' id='word_1_427' title='bbox 1398 2428 1403 2460; x_wconf 75' lang='lat' dir='ltr'>f</span> 
     </span>
     <span class='ocr_line' id='line_1_46' title="bbox 75 2468 1363 2526; baseline 0.004 -22"><span class='ocrx_word' id='word_1_428' title='bbox 75 2472 231 2518; x_wconf 76' lang='lat' dir='ltr'>gratiam</span> <span class='ocrx_word' id='word_1_429' title='bbox 244 2468 458 2511; x_wconf 78' lang='lat' dir='ltr'>sufficerent.</span> <span class='ocrx_word' id='word_1_430' title='bbox 467 2474 574 2511; x_wconf 74' lang='lat' dir='ltr'>Hanc</span> <span class='ocrx_word' id='word_1_431' title='bbox 586 2474 796 2526; x_wconf 61' lang='lat' dir='ltr'>arrogantia</span> <span class='ocrx_word' id='word_1_432' title='bbox 808 2471 936 2512; x_wconf 71' lang='lat' dir='ltr'>melius</span> <span class='ocrx_word' id='word_1_433' title='bbox 950 2474 1147 2512; x_wconf 83' lang='lat' dir='ltr'>retundere</span> <span class='ocrx_word' id='word_1_434' title='bbox 1158 2486 1231 2510; x_wconf 90' lang='lat' dir='ltr'>non</span> <span class='ocrx_word' id='word_1_435' title='bbox 1244 2473 1363 2523; x_wconf 85' lang='lat' dir='ltr'>potest</span> 
     </span>
    </p>
   </div>
   <div class='ocr_carea' id='block_1_3' title="bbox 1066 2527 1158 2563">
    <p class='ocr_par' dir='ltr' id='par_1_3' title="bbox 1066 2527 1158 2563">
     <span class='ocr_line' id='line_1_47' title="bbox 1066 2527 1158 2563; baseline -0.011 0"><span class='ocrx_word' id='word_1_436' title='bbox 1066 2527 1158 2563; x_wconf 79' lang='lat' dir='ltr'>E-iii.</span> 
     </span>
    </p>
   </div>
  </div>
 </body>
</html>
