1591 2775
219 6 289 57 '914'
579 5 791 45 LIBRI
845 2 1146 58 QVARTt

220 79 327 120 omni
339 75 598 133 suadignitate
610 75 802 127 spoliantes
815 91 825 115 ε
837 89 878 115 ac
901 77 1049 116 demum
1067 78 1113 116 sic
1131 75 1367 130 accipiendo;
1386 76 1514 131 prosa:

219 144 312 171 nant
325 135 357 169 δι
373 131 640 168 contaminant.
667 131 868 181 Qatenus
882 130 971 169 verb
983 130 1129 168 alienati
1140 130 1160 168 a
1173 129 1348 178 fratribus
1359 144 1399 169 ac
1414 131 1515 171 diffi-

220 182 506 228 dentes‚sacrum
517 185 682 231 corporis
693 183 825 220 Christi
838 182 1050 229 symbolum
1063 195 1144 221 cum
1158 182 1227 223 suis
1242 179 1394 222 diffidiis
1409 193 1516 222 coms

220 236 374 277 miscere
387 234 522 273 audent
533 260 543 277 ,
555 247 630 271 non
642 233 708 271 stat
718 233 783 286 per
793 247 858 273 eos
871 237 1068 285 quominus
1083 233 1214 273 Christi
1235 247 1368 285 corpus
1381 233 1514 274 discet*-

219 300 388 341 patur‚ac
399 284 633 324 membratim
646 285 986 336 dilanietumtaque
1001 301 1073 324 non
1085 284 1277 325 immerito
1289 288 1341 324 rei
1357 287 1435 330 sunt
1449 293 1513 326 cor

219 342 321 392 poris
335 344 366 378 δι
382 338 563 392 sanguinis
585 340 761 382 Domini,
775 338 872 390 quod
893 339 1065 391 sacrilega
1092 340 1282 389 impietate
1309 335 1404 377 foede
1417 337 1514 378 adeo

247 393 495 431 oliuunr.·Hae
506 403 596 443 ergo
610 389 758 445 indigna
771 390 1049 429 manducatione
1062 391 1338 430 damnationem
1356 387 1453 429 suam
1467 392 1517 429 fi-

219 407 262 486 {i
273 445 467 496 accipiunt.
512 444 609 481 Nam
621 455 735 494 quum
749 442 886 481 nullam
901 446 939 481 in
951 443 1095 482 Christo
1112 442 1221 482 fidem
1240 442 1434 493 repositam
1448 441 1519 481 ha-

219 498 586 539 beantffsa’cramento
600 506 725 532 tamen
734 507 898 545 accepte,
913 494 1133 547 profitentur
1143 509 1219 533 non
1248 494 1336 533 alibi
1350 493 1459 545 quam
1475 498 1516 535 in
1576 531 1584 535 ,

222 563 268 589 eo
281 547 353 588 effe
365 545 428 586 fibi
442 548 593 585 salutem
606 573 616 589 ‚
631 545 858 596 omntfmque
868 547 974 584 aliam
989 545 1158 586 fiduciam
1171 547 1362 586 abiurant.
1379 546 1515 599 Qare

220 602 288 652 ipsi
299 602 362 640 fibi
377 600 457 639 sunt
469 597 692 638 accusatores
709 599 983 636 :testimonium
996 599 1060 650 ipfi
1081 596 1272 638 aduersum
1301 600 1336 637 se
1349 612 1518 650 pronun-

221 657 337 695 tiant.
350 653 626 692 damnationem
640 651 702 701 ipfi
715 651 811 688 suam
823 651 1030 701 obsignant.
1056 651 1201 690 Deinde
1224 664 1338 702 quum
1361 651 1452 688 odio
1467 663 1516 690 ac

218 706 483 745 maleuolentia
495 703 595 742 diuiii
610 700 842 756 disti-actique
858 701 1060 742 &fratribus
1074 730 1084 745 ‚
1101 703 1173 741 hoc
1188 705 1237 740 est
1254 704 1382 742 Christi
1394 717 1516 742 mem-

218 758 292 797 bris
303 785 312 801 ‚
329 766 468 808 partem
483 758 519 793 in
531 755 673 792 Christo
684 755 822 795 nullam
834 755 1015 794 habeant:
1035 754 1274 794 testificantur
1286 767 1407 801 tamen
1419 755 1514 794 hanc

218 824 326 850 vnam
340 809 494 848 salutem
508 804 579 845 effe
590 808 733 845 Christo
744 810 1037 852 communicare,
1052 813 1084 847 δε
1102 808 1154 846 iili
1170 811 1309 847 vnirum
1323 803 1408 846 ess'e.
1422 809 1513 847 Eam

54 855 209 913 lbid.fi28
219 863 271 903 ob
283 876 360 901 rem
373 863 529 913 praecipit
541 861 671 899 Paulus
685 872 722 898 vt
732 859 868 912 probet
883 860 1036 912 seipsum
1059 861 1107 898 ho
1120 875 1185 898 mo
1211 861 1370 911 antequa
1385 860 1429 898 de
1441 861 1515 899 hoc

246 928 315 953 ane
328 915 414 953 edat
425 927 485 952 aut
496 912 600 952 bibat
613 909 633 950 ὲ
643 913 869 965 calice.Qo
882 916 936 962 (vt
947 926 1020 966 ego
1031 913 1178 964 quidem
1190 913 1428 971 interpretor)
1445 927 1513 952 vo·

218 931 291 1008 fuit
304 978 589 1016 vnumquenque
600 966 634 1003 in
650 964 684 1004 se
698 965 925 1008 descendere,
939 970 970 1002 &
987 966 1106 1004 secum
1120 977 1288 1016 reputare
1301 977 1345 1002 an
1358 966 1538 1028 interium⁸

218 1034 260 1060 re
272 1020 390 1059 cordis
411 1017 544 1058 fiducia
566 1022 603 1056 in
617 1018 767 1056 salutem
780 1015 800 1056 a
817 1018 935 1056 Christ
987 1030 1128 1068 partam
1152 1016 1366 1055 recumbat:
1380 1030 1423 1064 an
1436 1017 1515 1055 oris

205 1071 450 1124 ggnjeffione
469 1069 638 1125 agnoscat
652 1069 807 1109 :deinde
819 1083 865 1108 an
879 1032 1096 1108 inntgcentiae
1110 1082 1158 1120 ac
1170 1069 1371 1107 sanctitatis
1426 1069 1513 1108 udio

218 1125 405 1166 adChtisti
417 1124 660 1162 imitationem
673 1123 868 1173 aspiret:an
880 1124 955 1160 eius
968 1136 988 1160 e
1274 1121 1369 1159 atrib
1427 1122 1515 1160 dare

217 1190 365 1227 paratus
377 1177 439 1219 fit,
452 1189 492 1214 ac
504 1176 539 1214 se
551 1178 591 1212 iis
613 1177 888 1213 communicare
907 1175 1121 1226 quibuscum
1137 1174 1325 1221 Christ-um
1341 1187 1359 1211 c
1427 1187 1514 1213 mu·-

219 1244 304 1271 nem
318 1229 491 1267 habetzan
505 1226 627 1278 vtipse
638 1224 658 1265 ὲ
730 1230 755 1263 t'
1012 1229 1017 1234 '
1037 1239 1058 1265 a
1094 1229 1103 1263 i
1130 1230 1137 1235 '
1402 1222 1411 1231 ⁴
1472 1239 1512 1264 es

218 1280 710 1336 Qfiii-membris
721 1279 875 1318 habeat:
890 1291 933 1316 an
971 1291 1012 1316 os
1023 1280 1134 1317 instar
1149 1278 1406 1317 membrorum
1425 1277 1511 1316 fuo-

31 1303 123 1382 ςό
217 1348 301 1375 rum
313 1333 693 1377 fouere‚tueri‚iuuare
703 1333 836 1383 cupiat.
857 1333 945 1370 Non
985 1332 1042 1369 uia
1055 1323 1127 1369 Eaec
1137 1343 1214 1369 tum
1227 1328 1310 1368 fidei
1334 1343 1410 1368 tum
1422 1329 1510 1367 cha-

216 1389 332 1428 titatis
343 1384 463 1425 officia
476 1398 571 1424 nunc
583 1382 745 1435 perfec‘ca
756 1387 792 1423 in
806 1384 910 1422 nobis
924 1397 943 1422 e
975 1398 994 1421 e
1006 1380 1139 1434 poffint
1155 1397 1164 1420 :
1178 1382 1236 1420 sed
1257 1384 1341 1433 quia
1353 1383 1420 1419 huc
1437 1395 1505 1421 nos

216 1439 441 1480 contendere
455 1443 490 1476 &
503 1439 596 1476 votis
606 1436 774 1475 omnibus
786 1438 940 1487 aspirare
951 1447 1158 1487 oportet‚vt
1170 1434 1379 1472 inchoatam
1390 1433 1414 1472 fi
1426 1433 1511 1473 dem

219 1494 339 1546 magis
350 1494 387 1528 in
399 1490 476 1528 dies
488 1503 530 1528 ac
544 1491 661 1542 magis
672 1501 884 1541 augeamus.

270 1555 309 1592 ⁴¹
352 1541 476 1596 Vulgo
487 1542 571 1581 dum
587 1542 754 1579 homines
765 1540 808 1578 ad
820 1553 900 1578 eam
915 1537 1154 1578 manducandi
1178 1537 1394 1591 dignitatem
1409 1537 1513 1577 corn-⁸

218 1609 346 1650 parate
360 1595 490 1634 volunt
503 1621 515 1638 ,
525 1591 667 1633 miseras
679 1593 913 1631 conscientias
937 1593 1120 1630 torserunt
1139 1604 1180 1630 ac
1192 1591 1411 1629 diuexatunt
1422 1590 1511 1630 diris

219 1648 356 1690 modis:
369 1660 436 1687 nec
453 1659 578 1685 tamen
590 1647 784 1698 quicquam
796 1658 925 1684 eorum
937 1658 1018 1696 quae
1031 1647 1065 1682 in
1080 1657 1154 1682 rem
1167 1642 1282 1682 essent
1290 1642 1507 1682 attulerunt.

216 1698 348 1756 Digne
370 1700 588 1738 manducare
603 1712 666 1736 eos
677 1699 841 1737 dixerunt
851 1699 911 1749 qui
924 1700 960 1735 in
973 1699 1065 1736 statu
1078 1698 1203 1751 gratiae
1215 1694 1394 1735 effent.1n
1410 1696 1504 1735 statu

217 1756 341 1809 gratiae
353 1749 425 1791 esse
436 1754 663 1804 interpretati
675 1749 917 1801 sunt,purum
935 1750 1203 1804 purgatumque
1225 1750 1328 1786 omni
1349 1759 1506 1798 peccato

217 1801 303 1846 esse.
328 1807 421 1858 Qo
434 1805 608 1857 dogmate
622 1815 753 1842 omnes
765 1814 948 1854 quotquot
962 1805 996 1840 in
1013 1804 1112 1841 tetris
1124 1814 1279 1852 vnquam
1306 1797 1455 1838 fuerunt
1471 1804 1509 1839 &t

218 1859 300 1897 sunt
314 1859 484 1896 homines
498 1884 506 1899 ‚
519 1856 564 1894 ab
577 1855 682 1894 huius
705 1857 928 1893 sacramenti
950 1854 1009 1893 vsu
1028 1853 1253 1892 arcebantur.
1278 1854 1375 1891 Nam
1399 1852 1423 1888 fi
1437 1852 1509 1890 hor:

216 1914 340 1966 agitur
352 1924 389 1949 vt
412 1912 565 1948 nostram
589 1906 724 1946 anobis
746 1907 963 1958 dignitatem
984 1919 1173 1958 petamus,
1189 1907 1308 1943 actum
1333 1903 1378 1941 de
1399 1904 1508 1943 nobit

220 1969 283 2001 est:
295 1962 498 2014 desperatio
510 1958 654 2000 tantum
667 1965 701 1998 δε
715 1960 871 1998 exitialis
882 1961 981 1997 ruina
993 1973 1058 1997 nos
1071 1970 1206 1996 manet.
1229 1958 1339 1995 Totis
1352 1955 1436 1995 licet
1449 1959 1504 1994 vi·
1533 1983 1535 1989 ¹

218 2016 317 2055 ribus
330 2015 536 2052 adnitamur
547 2040 555 2056 ,
568 2027 643 2051 non
655 2011 750 2051 aliud
763 2011 995 2063 proficiemus
1009 2011 1074 2049 nisi
1087 2023 1123 2048 vr
1136 2023 1213 2048 tum
1226 2007 1385 2059 denique
1408 2008 1505 2046 mdi-

218 2065 379 2122 gniffimi
393 2066 503 2105 futuri
517 2066 623 2103 fimus
636 2078 747 2111 quum
761 2063 806 2102 de
823 2063 1015 2115 quaerenda
1037 2063 1213 2114 dignitate
1225 2059 1386 2098 maxime
1399 2060 1505 2098 labo-

218 2133 335 2160 ratum
349 2119 368 2157 a
382 2120 487 2157 nobis
500 2117 621 2156 fuerit.
634 2115 727 2168 Q&
739 2116 823 2155 huic
834 2119 939 2154 vlceri
952 2114 1186 2154 mederentur
1197 2141 1206 2157 ‚
1225 2113 1380 2150 modum
1394 2125 1503 2151 exco-

216 2176 382 2225 gitarunt
394 2169 618 2221 acquirendae
631 2170 815 2223 dignitatis
831 2183 841 2207 ε
856 2182 892 2207 vt
904 2169 1133 2220 quantumin
1147 2168 1256 2204 nobis
1269 2167 1318 2202 est
1332 2167 1502 2204 examine

218 2220 760 2273 habito‚repoi'cit.‘¹1queanobis
772 2217 953 2260 fastorum
967 2221 1131 2258 omnium
1144 2220 1501 2261 ratione‚coutritio-

220 2292 279 2317 ne,
293 2275 533 2318 confessione,
547 2272 805 2314 satisfactione,
818 2274 975 2310 nostram
987 2272 1240 2323 indignitatem
1254 2273 1499 2320 expiaremur:

218 2344 297 2379 quae
311 2328 477 2380 expiandi
489 2329 580 2365 ratio
593 2327 708 2376 qualis
719 2325 772 2367 fit,
785 2324 920 2362 distum
935 2327 984 2362 est
1001 2325 1056 2361 vbi
1071 2336 1143 2361 erat
1155 2325 1275 2373 aptior
1287 2321 1427 2359 dicendi
1442 2320 1505 2358 lo-

216 2396 288 2421 cus.
339 2382 409 2419 uod
422 2381 467 2418 ad
480 2380 628 2431 ptaesens
640 2379 844 2416 institutum
856 2379 1000 2418 attinet,
1016 2377 1097 2413 dico
1112 2375 1185 2413 haec
1196 2371 1352 2413 nimium
1364 2370 1437 2412 esse
1445 2375 1501 2411 ie·

214 2436 300 2475 iuna
311 2431 534 2486 euanidalque
545 2431 676 2471 solatia
695 2431 929 2469 consternatis
949 2426 1170 2481 deiec'tisque
1190 2429 1444 2469 conscientiis,
1457 2429 1494 2463 ὅ(

1356 2489 1497 2531 peccata
