1591 2775
492 42 752 82 CAPVT
816 43 880 78 11.
993 51 996 54 ·
1251 46 1315 83 149

20 112 184 173 fgustinm
196 112 285 154 mihi
297 112 429 166 placet,
441 112 618 151 naturalia
631 112 728 150 dona
741 105 844 149 fuisse
855 119 1024 160 corrupta
1036 108 1073 146 in
1085 107 1238 146 homine
1250 118 1315 158 per

25 181 216 222 peccatum
231 194 239 210 ‚
259 165 588 216 supernaturalibus
608 177 731 202 autem
746 165 973 201 exinanitum
995 158 1109 198 fniffe.
1132 162 1229 198 Nam
1242 159 1314 196 hoc

26 223 228 273 posteriore
242 219 410 257 membro
431 217 643 270 intelligunt
662 227 733 253 tarn
749 214 834 252 fidei
850 215 976 254 lucem,
995 211 1102 264 quam
1123 213 1312 252 iustitiam,

27 287 109 323 quae
131 272 173 310 ad
188 274 366 310 caelestem
381 273 492 307 vitam
514 265 766 320 aeternamque
788 265 1021 305 foelicitatem
1044 263 1313 315 adipiscendam

30 323 247 364 sufficerent.
264 326 358 377 Ergo
373 323 409 360 se
419 321 586 359 abdicans
600 319 619 358 a
633 334 749 372 regno
760 322 844 362 Dei,
858 319 961 361 fimul
974 319 1135 369 priuatus
1149 317 1197 353 est
1211 315 1316 365 spiri-

34 379 193 416 tualibus
214 378 320 413 dows
333 402 342 418 ‚
357 376 484 420 quibus
509 378 542 411 in
564 374 662 424 spem
677 372 799 410 salutis
813 384 958 411 aeternae
980 370 1169 408 instruetm
1182 365 1338 412 fuerat„

28 430 124 469 vnde
139 429 296 480 sequitur
307 455 317 470 ,
332 430 381 465 ita
391 427 536 464 exulare
559 425 579 463 ὲ
590 438 705 477 regno
719 426 814 466 Dei,
827 437 864 463 vt
878 436 1101 475 quaecunque
1112 421 1157 458 ad
1169 421 1318 457 beatam

30 495 160 520 animae
174 482 286 518 vitam
301 480 475 529 specstant,
486 484 521 514 in
533 492 579 516 eo
593 478 753 515 extincta
765 477 844 518 (int,
857 476 974 514 donec
986 489 1048 526 per
1063 486 1099 512 re
1131 473 1318 511 eucratio·

32 536 86 572 nis
97 537 252 586 gratiam
268 533 340 582 ipsa
353 544 555 581 recuperet.
568 534 608 567 In
621 529 672 566 his
685 528 987 571 sunt,fides‚amor
1000 487 1243 569 Deiflffiaritas
1261 537 1319 561 er-

59 601 76 623 a
94 585 538 636 proximos‚san&itatis&
553 583 694 621 iustitiae
710 582 968 619 studiumflaec
980 582 1106 618 omnia
1121 590 1233 629 quum
1245 590 1314 614 no·
1334 616 1335 619 ,

27 599 84 677 ξις
102 639 262 676 restituat
279 638 438 674 Christus
451 636 676 680 ,aduentitia
695 634 908 675 censentur,
925 638 959 671 &
980 645 1108 683 praeter
1128 642 1310 668 naturam:

38 689 198 740 idedque
211 686 317 740 fuiffe
330 690 466 727 abolita
482 688 703 740 colligimus.
723 688 883 725 Rursum
898 684 1027 723 sanitas
1040 686 1169 723 mentis
1185 687 1218 720 δε
1234 695 1319 719 cor-

31 744 84 780 dis
100 743 285 780 rectitudo
300 742 402 778 fimul
427 741 573 779 fuerunt
585 739 718 778 ablata.
741 752 849 790 atque
863 738 936 777 haec
949 739 997 775 est
1010 736 1234 775 naturalium
1247 733 1320 771 do-

31 808 164 834 norum
176 796 481 845 corruptiomam
496 793 556 831 etsi
567 791 704 842 aliquid
716 792 942 845 intelligetiae
955 794 988 828 δε
1001 789 1123 827 iudicii
1134 786 1317 826 residuum

31 860 152 886 manet
165 848 231 883 vna
253 860 332 884 cum
343 847 536 884 voluntate
549 872 559 888 ,
571 858 690 896 neque
703 857 827 882 tamen
843 855 1006 881 mentem
1019 845 1200 895 integram
1216 844 1248 876 Sc
1263 838 1319 877 sa-

33 913 121 938 nam
144 898 303 936 dicemus
317 927 325 939 ‚
343 912 419 949 quae
434 904 465 935 δι
481 897 608 935 debilis
624 898 671 934 est
685 924 694 939 ,
710 901 742 934 &
757 897 879 934 multis
899 896 1056 933 tenebris
1074 894 1256 930 immersa.
1281 894 1318 928 δε

33 953 195 1003 prauitas
218 952 413 988 voluntatis
433 951 509 1001 plus
523 951 601 986 satis
615 962 702 986 nota
722 951 784 985 est.
809 949 940 1001 Qum
964 961 1054 996 ergo
1069 948 1162 983 ratio
1177 957 1248 995 qua
1260 943 1318 980 di-

34 1004 167 1042 scernit
182 1003 295 1040 homo
306 1007 397 1040 inter
409 1003 548 1040 bonum
563 1006 595 1038 ὅ(
607 1001 747 1039 malum
759 1026 767 1041 ‚
782 1014 851 1049 qua
864 1001 1035 1052 intelligit
1051 1003 1083 1035 &
1096 996 1242 1039 iudicat,
1258 1008 1320 1033 na-

34 1056 152 1095 turale
165 1055 303 1093 donum
318 1054 449 1097 fit,non
464 1056 579 1103 potuit
593 1057 628 1089 in
643 1065 760 1089 toturn
773 1051 887 1089 deleri
902 1066 910 1087 :
925 1050 985 1088 sed
997 1054 1128 1102 partim
1144 1049 1316 1086 debilita-

37 1110 221 1158 ta,partim
237 1110 362 1145 vitiata
376 1106 503 1148 fuit,vt
515 1103 698 1143 deformes
711 1106 820 1141 ruinae
831 1116 1042 1155 appareant.
1056 1104 1141 1140 Hoc
1154 1100 1253 1138 sensu
1267 1099 1322 1137 di-

36 1162 88 1198 cit
113 1160 295 1198 Iohannes
312 1159 433 1197 lucem
446 1158 562 1196 adhuc
585 1159 621 1194 in
636 1157 794 1195 tenebris
809 1157 932 1193 lucere
945 1183 954 1199 ,
967 1155 1025 1193 sed
1043 1154 1062 1193 ὲ
1076 1153 1234 1193 tenebris
1250 1166 1322 1190 non
1336 1144 1480 1193 [aban-¹3

38 1210 448 1263 comprehendi:quibus
459 1210 573 1248 verbis
590 1222 717 1260 vtrunq
724 1222 768 1246 ue
779 1206 874 1246 clare
887 1210 1115 1259 exprimitur,
1129 1209 1163 1243 in
1175 1218 1321 1257 peruer-
1337 1210 1386 1247 a-5

37 1264 114 1304 sa&
128 1264 309 1317 degenere
324 1264 483 1301 hominis
495 1275 621 1300 natura
637 1261 772 1298 micare
785 1261 901 1299 adhuc
915 1259 1097 1302 scintillas,
1110 1272 1189 1310 quae
1200 1259 1326 1296 osten-

38 1317 129 1354 dant
142 1316 319 1354 rationale
337 1311 407 1354 effe
427 1315 578 1358 animal,
594 1319 627 1352 &
643 1311 787 1351 abrutis
810 1311 970 1356 differre,
985 1315 1068 1364 quia
1081 1310 1328 1366 intelligentia

40 1368 231 1420 praeditum
248 1368 309 1407 fit.-
332 1373 366 1405 δε
390 1381 509 1415 tamen
531 1367 621 1405 hanc
640 1366 759 1404 lucem
781 1366 897 1404 multa
917 1368 1134 1418 ignorantiae
1151 1363 1341 1402 dentitate.

42 1420 223 1463 suffocari,
238 1434 273 1458 vt
291 1418 487 1458 efficaciter
497 1432 686 1472 emergere
703 1431 871 1469 nequeat.
885 1421 939 1456 Sic
953 1418 1223 1468 voluntas,qu1a
1236 1415 1330 1452 inse-

39 1474 212 1524 parabilis
227 1475 276 1511 est
289 1476 333 1510 ab
350 1472 505 1510 hominis
525 1485 651 1510 natura
663 1500 673 1515 ,
688 1484 760 1508 non
772 1473 899 1522 periit:
916 1470 975 1509 sed
988 1472 1108 1522 prauis
1121 1468 1332 1519 cupiditati-

41 1526 108 1564 bus
122 1525 290 1563 deuinsta
310 1524 377 1563 fuit
389 1552 399 1568 ‚
414 1539 451 1563 vt
464 1524 555 1562 nihil
578 1525 720 1562 refrum
742 1537 916 1574 appetere
929 1535 1049 1574 queat.
1080 1524 1170 1560 Haec
1181 1519 1329 1571 quidem

33 1578 154 1630 plena
166 1578 215 1614 est
228 1577 471 1620 definitio‚sed
485 1590 564 1627 quae
576 1577 738 1626 pluribus
751 1576 963 1627 explicanda
975 1577 1195 1628 est.Etgo,vt
1207 1573 1329 1611 secun-

46 1626 136 1667 dum
161 1632 314 1677 primam
338 1629 441 1667 illam
463 1628 755 1670 distinetionem.
770 1641 841 1679 qua
869 1628 1030 1666 hominis
1042 1631 1202 1665 animam
1226 1629 1262 1662 in
1277 1628 1332 1661 in-

44 1682 237 1721 tellectum
253 1686 286 1718 3<
302 1682 528 1720 voluntatem
548 1683 669 1732 partiti
684 1681 806 1718 sumus
819 1708 829 1724 ,
843 1683 1020 1719 orationis
1035 1679 1129 1717 ordo
1143 1676 1329 1730 procedat:

44 1737 121 1772 vim
145 1734 350 1772 intelleeuis
374 1736 493 1784 priore
514 1734 598 1770 loco
614 1735 849 1771 excutiamus.
873 1735 1060 1783 Perpetuae
1083 1733 1255 1769 caecitatis
1279 1741 1330 1766 ita

44 1800 130 1826 eum
151 1785 325 1823 damnare
339 1813 348 1829 ‚
365 1799 400 1824 vt
414 1786 505 1823 nihil
527 1785 784 1836 intelligentiae
796 1785 870 1823 vllo
895 1788 930 1822 in
950 1796 1088 1836 genere
1110 1796 1230 1821 rerum
1247 1781 1331 1819 reli-

48 1852 162 1890 quum
176 1837 283 1875 facias
296 1866 304 1880 ,
321 1853 395 1875 non
409 1836 523 1875 modo
546 1839 660 1874 verbo
681 1841 753 1875 Dei
769 1866 778 1881 ‚
794 1838 850 1875 sed
865 1837 984 1876 senius
997 1838 1108 1875 etiam
1127 1835 1335 1872 communis

46 1892 305 1942 experimento
326 1903 518 1945 repugnat.
548 1889 724 1927 Videmus
747 1904 844 1927 enim
859 1890 1004 1927 inlitum
1017 1884 1090 1929 effe
1106 1888 1268 1926 humano
1282 1889 1336 1923 in-

49 1945 162 1996 genio
174 1942 388 1980 defiderium
412 1944 529 1980 nescio
543 1941 642 1994 quod
664 1941 876 1994 indagandae
890 1943 1050 1980 veritatis
1064 1968 1073 1984 ,
1085 1940 1131 1978 ad
1143 1951 1253 1991 quam
1267 1938 1340 1975 mi·

50 1991 151 2033 nime
163 1995 334 2045 aspiraret
356 1995 418 2032 nifi
434 1995 556 2046 aliquo
571 1997 644 2032 eius
659 1994 772 2032 odore
786 1993 869 2033 ante
885 2007 1069 2046 percepto.
1090 1994 1147 2030 Est
1161 2005 1251 2043 ergo
1263 1991 1339 2028 iam

52 2046 128 2087 haec
150 2048 326 2086 nonnulla
348 2046 497 2086 humani
521 2047 732 2085 intellectus
760 2047 1037 2099 perspicientia,
1063 2044 1166 2096 quod
1180 2044 1339 2081 veritatis

54 2111 181 2138 amore
204 2099 418 2138 naturaliter
438 2102 574 2150 rapitur
593 2114 601 2137 :
626 2101 722 2138 cuius
744 2100 929 2153 negle&us
951 2102 987 2137 in
1011 2098 1125 2137 brutis
1146 2096 1345 2134 animanti-

55 2150 123 2190 bus
138 2153 257 2207 arguit
269 2146 422 2190 crassum
438 2151 570 2204 absque
583 2155 726 2190 ratione
740 2153 892 2190 sensum.
919 2153 1151 2204 Qanquam
1164 2148 1242 2187 haec
1253 2160 1343 2199 qua-

56 2203 238 2255 liscunque
262 2207 472 2256 appetent-ia
483 2231 492 2246 ‚
511 2216 704 2255 antequam
718 2205 836 2243 cursus
860 2205 908 2243 sui
925 2207 1078 2242 stadium
1102 2201 1340 2253 ingrediatur,

60 2254 182 2294 deficit
198 2259 301 2307 :quia
318 2270 404 2294 mox
428 2256 587 2295 concidit
611 2258 648 2293 in
666 2257 1073 2307 vanitatem.Siquidern
1098 2267 1201 2292 mens
1224 2254 1344 2290 homi-.

62 2309 116 2347 nis
130 2334 139 2350 ,
155 2322 226 2359 prae
246 2309 467 2347 hebetudine
483 2335 493 2351 ,
508 2310 645 2346 restam
668 2312 739 2347 veri
762 2309 1000 2364 inuestigandi
1013 2311 1107 2345 viam
1132 2319 1256 2345 tenere
1279 2317 1342 2342 ne·

63 2361 144 2410 quit
157 2376 166 2398 ε
180 2360 238 2397 sed
251 2375 313 2412 per
329 2365 446 2399 varios
471 2375 610 2398 errores
625 2373 775 2413 vagatur
788 2390 798 2405 ,
813 2367 845 2400 δί
861 2375 1034 2413 tanquam
1047 2364 1082 2397 in
1096 2360 1252 2397 tenebris
1267 2357 1344 2408 pal-

64 2411 185 2469 pando
198 2413 345 2451 subinde
364 2415 539 2466 impingit
552 2440 562 2455 ,
576 2413 694 2452 donec
707 2413 853 2453 tandem
870 2415 991 2465 palata
1004 2411 1207 2451 euanescat.
1221 2413 1272 2447 ita
1282 2422 1350 2446 ve-

68 2474 216 2521 ritatem
230 2467 552 2520 quaerenquuarn
567 2467 607 2504 fit
619 2465 663 2505 ad
675 2468 790 2519 ipsam
802 2467 1027 2519 quaerendam
1043 2470 1076 2504 Bc
1088 2461 1354 2501 inueniendam

1083 2515 1179 2555 k.iii.
