1591 2775
196 16 260 62 ¹3⁸
560 15 1149 56 L113R18ECVND1

200 79 428 120 sememideo
440 95 514 120 non
529 83 657 122 odiosa
671 89 705 122 &
720 84 984 123 abominabilis
998 89 1084 124 Deo
1098 83 1168 124 effe
1182 98 1254 123 non
1269 88 1398 138 potest.
1415 86 1494 128 Vn}

201 133 247 171 de
260 132 585 188 sequitur,proprie
599 149 724 174 coram
737 140 821 175 Deo
834 138 970 176 censeri
988 151 1179 190 peccatum
1194 150 1202 171 :
1217 152 1300 188 quia
1315 154 1386 177 non
1401 138 1492 179 effet

199 198 324 223 reatus
338 186 474 237 absque
485 187 605 240 culpa.
632 189 799 226 Alterum
813 189 946 228 deinde
957 191 1108 233 accedit,
1122 188 1220 240 quod
1232 190 1306 229 haec
1318 193 1493 242 peruerfi-

200 249 255 276 tas
268 251 452 289 nunquam
466 241 500 276 in
524 240 633 278 nobis
646 238 758 279 cessat
769 269 780 285 ,
793 241 850 279 sed
861 256 979 282 nouos
998 240 1133 281 affidue
1149 241 1286 281 fructus
1311 246 1404 294 parit
1419 258 1428 281 :
1442 258 1490 285 ea

200 289 335 327 scilicet
349 317 359 332 ,
373 305 452 341 quae
467 289 550 330 ante
562 292 810 344 descripsimus
824 321 834 338 ,
847 308 959 346 opera
970 297 1080 333 carnis
1098 310 1193 333 :non
1208 294 1304 333 secus
1316 308 1424 346 atque
1435 299 1494 335 in·-

199 341 306 380 censa
318 341 446 381 fornax
459 344 646 382 flammam
662 350 695 382 &
719 345 889 385 scintillas
902 345 1003 386 efflat
1015 375 1024 390 ‚
1040 360 1103 385 aut
1116 346 1296 400 scaturigo
1307 361 1436 398 aquarn
1449 350 1492 386 fi-

199 408 248 432 ne
262 393 333 433 fine
346 397 476 445 egerit.
499 398 632 450 Qare
645 400 705 448 qui
730 412 918 449 peccatum
933 399 1112 453 originale
1136 398 1354 439 definierunt
1366 413 1493 440 caren-

202 450 292 485 tiam
316 449 457 485 iustitiae
477 451 664 501 originalis
687 477 696 493 ‚
720 464 829 503 quam
859 449 971 490 ineffe
996 452 1102 490 nobis
1123 453 1324 504 oportebat
1344 480 1354 495 ,
1379 465 1495 502 quan-

200 512 309 550 quam
322 499 358 537 id
371 513 492 539 totum
506 502 801 552 complectuntur
816 505 915 556 quod
926 506 961 541 in
973 516 1011 542 re
1027 505 1076 542 est
1090 532 1101 546 ‚
1114 519 1188 542 non
1204 517 1328 543 tamen
1352 506 1433 543 satis
1446 505 1493 542 fi-

198 550 417 605 gnificanter
428 556 498 590 vim
513 567 624 606 atque
639 557 826 608 energiam
837 557 942 607 ipfius
955 553 1304 603 exprefferuntNon
1316 560 1416 595 enim
1431 570 1494 594 na-

200 617 279 644 tura
293 605 416 641 nostra
430 605 519 643 boni
535 603 679 645 tantum
692 609 798 658 inops
811 612 844 645 &
860 621 972 646 vacua
986 608 1113 646 estzsed
1125 609 1309 647 malorum
1323 611 1491 648 omnium

199 656 296 696 adeo
312 654 442 694 fertilis
455 662 489 695 &
503 657 604 697 ferax
617 685 628 703 ,
642 672 679 698 vt
690 661 808 698 otiosa
821 657 892 699 effe
906 675 981 699 non
996 660 1116 711 poffir.
1141 662 1221 714 Qi
1236 661 1408 699 dixerunt
1421 658 1494 699 effe

200 709 535 759 concupiscentiam
550 739 561 755 ,
575 725 650 749 non
661 714 768 750 nimis
780 713 899 751 alieno
914 713 1028 750 verbo
1041 713 1087 750 vfi
1100 713 1182 752 sunt
1195 740 1204 755 ,
1220 713 1243 750 fi
1256 713 1370 752 modo
1383 713 1494 752 adde-

200 774 299 799 retur
315 762 442 812 (quod
453 762 606 801 minime
628 764 842 803 conceditur
855 763 874 803 ὲ
890 765 1094 815 plerisque)
1108 765 1278 816 quicquid
1291 769 1328 803 in
1342 767 1493 804 homine

201 815 253 854 est
266 840 276 857 ,
289 814 332 850 ab
345 814 533 854 intellectu
544 815 590 854 ad
602 816 829 856 voluntatem
843 845 853 861 ‚
867 819 912 855 ab
923 821 1042 855 anima
1054 817 1102 854 acl
1119 831 1264 855 carnem
1280 817 1388 869 vsque
1403 846 1413 862 ,
1428 818 1495 856 hac

201 866 492 916 concupiscentia
505 870 734 918 inquinatum
754 868 1003 921 refertumque
1016 866 1100 907 esse.
1126 883 1201 909 aut,
1221 883 1258 908 vt
1267 868 1412 909 breuius
1426 870 1494 907 ab-

201 917 364 956 soluatur
377 946 386 962 ‚
398 931 523 959 toturn
535 920 730 961 hominem
743 935 815 959 non
837 922 938 960 aliud
952 936 996 960 ex
1008 922 1121 973 seipso
1141 919 1214 961 esse
1227 925 1338 975 quam
1354 935 1493 962 concu-

200 971 433 1023 piscentiam.

246 1034 268 1064 9
309 1023 572 1076 Qamobrem
586 1024 658 1063 dixi
669 1026 812 1064 cunetas
823 1027 955 1064 animae
966 1039 1082 1077 partes
1095 1025 1113 1064 ὲ
1129 1040 1278 1078 peccato
1291 1024 1397 1066 fuisse
1409 1025 1494 1078 pos-

203 1071 320 1119 fessae,
336 1090 378 1114 ex
391 1089 465 1127 quo
478 1075 497 1114 ὲ
511 1077 615 1115 fonte
629 1080 769 1117 iustitiae
781 1079 925 1117 desciuit
943 1079 1072 1116 Adam.
1089 1082 1223 1131 Neque
1238 1083 1338 1117 enim
1351 1082 1495 1131 appeti-

201 1138 257 1166 tus
273 1125 413 1167 tantum
425 1129 579 1167 inferior
596 1144 680 1168 eum
692 1130 812 1168 illexit
823 1158 833 1174 ,
847 1132 909 1169 sed
921 1144 1041 1169 arcem
1054 1131 1166 1182 ipsam
1189 1134 1319 1169 mentis
1333 1144 1496 1183 occupa-

202 1183 257 1218 uit
269 1180 607 1230 nefandairnpietas
622 1210 630 1225 ‚
647 1187 680 1221 ὅ(
697 1182 739 1219 ad
753 1196 816 1220 cor
837 1186 1006 1222 intimum
1023 1189 1232 1234 penetrauit
1254 1185 1420 1235 superbia
1436 1196 1494 1223 :vt

201 1230 378 1285 frigidum
391 1234 434 1271 fit
445 1247 486 1272 ac
497 1235 643 1274 stultum
655 1263 666 1279 ‚
682 1235 929 1285 corruptelam
942 1262 951 1278 ‚
965 1248 1043 1286 quae
1055 1236 1138 1274 inde
1153 1240 1314 1274 manauit
1327 1264 1336 1280 ‚
1351 1237 1394 1273 ad
1407 1235 1485 1273 sen-

200 1286 316 1324 suales
338 1282 484 1324 tantum
498 1314 507 1330 ,
520 1300 558 1325 vt
579 1300 715 1326 vocant
728 1315 737 1330 ,
750 1300 874 1326 motus
897 1289 1134 1338 restringere:
1151 1300 1215 1326 aut
1240 1286 1413 1327 fomitem
1427 1302 1494 1325 vo..

200 1350 282 1377 care
295 1340 355 1389 qui
368 1338 482 1376 solam
504 1351 645 1390 partem
658 1353 737 1391 quae
758 1340 828 1377 illis
850 1340 1059 1377 sensualitas
1081 1341 1129 1376 est
1142 1340 1188 1378 ad
1208 1353 1397 1392 peccatum
1409 1340 1492 1377 alli-

200 1392 282 1434 ciat,
295 1393 428 1428 excitet
441 1404 482 1429 ac
494 1390 624 1430 trahat.
641 1396 679 1430 In
692 1405 767 1444 quo
779 1388 925 1429 crassam
936 1391 1073 1430 inscitia
1085 1391 1224 1431 detexit
1238 1395 1364 1431 Petrus
1379 1395 1495 1429 Lom-

197 1441 334 1481 bardus
348 1471 358 1487 ‚
371 1444 431 1494 qui
445 1444 563 1483 sedem
587 1458 750 1494 quaerens
766 1449 800 1482 &
823 1445 998 1495 vestigans
1011 1444 1096 1482 dicit
1116 1447 1153 1482 in
1168 1458 1274 1483 carne
1291 1441 1382 1487 esse,
1399 1445 1489 1483 teste

199 1495 314 1532 Paulo
327 1522 337 1539 ,
351 1510 424 1533 non
449 1495 593 1547 quidem
615 1495 761 1548 proprie
774 1525 784 1540 ,
807 1496 868 1534 sed
888 1499 972 1549 quia
995 1498 1030 1534 in
1053 1510 1161 1535 carne
1184 1497 1300 1550 magis
1325 1509 1491 1548 apparet.

199 1547 319 1600 Qafi
334 1548 424 1588 vero
447 1549 590 1587 tantum
609 1562 749 1601 partem
771 1551 902 1587 animae
923 1547 1088 1601 defignet
1110 1549 1240 1588 Paulus
1251 1576 1262 1592 ,
1278 1562 1318 1586 ac
1330 1563 1406 1587 non
1432 1561 1492 1586 to-

197 1612 274 1638 tam
289 1612 456 1639 naturam
472 1615 551 1652 quae
566 1600 831 1652 supernaturali
843 1603 969 1654 gratiae
981 1606 1191 1653 opponitur.
1211 1603 1253 1639 Et
1266 1602 1394 1640 Paulus
1405 1613 1490 1638 om-

198 1666 283 1691 nem
295 1653 563 1692 dubitationem
588 1654 689 1692 tollit
701 1682 710 1697 ,
725 1656 1000 1706 corruptionem
1023 1654 1158 1692 docens
1182 1667 1256 1691 non
1272 1657 1309 1693 in
1331 1666 1399 1691 vna
1411 1665 1493 1691 tan-

198 1703 278 1744 tum
293 1718 393 1757 parte
416 1706 593 1744 subsidere
606 1733 616 1750 ,
630 1707 689 1745 sed
703 1707 795 1745 nihil
816 1705 836 1744 ὲ
848 1705 1040 1745 mortifera
1060 1709 1135 1745 eius
1150 1706 1233 1744 tabe
1259 1718 1388 1757 purum
1405 1703 1489 1749 effe,

198 1771 262 1796 aut
277 1758 481 1810 syncerum.
508 1761 605 1797 Nam
619 1761 663 1798 de
686 1757 811 1798 vitiosa
823 1772 950 1798 natura
970 1757 1152 1811 disputans
1165 1785 1175 1801 ‚
1188 1773 1262 1796 non
1279 1754 1422 1797 tantum
1434 1759 1490 1795 in-

199 1810 389 1849 ordinatos
412 1813 473 1862 qui
493 1824 669 1862 apparent
689 1815 917 1863 appetituum
938 1825 1060 1849 motus
1084 1810 1232 1849 damnat
1253 1837 1264 1854 ,
1286 1810 1343 1848 sed
1367 1811 1492 1860 praeci-

199 1860 271 1914 pue
284 1864 477 1901 contendit
489 1876 652 1902 mentem
667 1867 874 1907 caecitari,&
889 1878 954 1902 cor
966 1866 1139 1915 prauitati
1153 1863 1333 1900 addictum
1349 1859 1490 1900 effem-

197 1928 270 1966 que
284 1919 431 1953 tertium
445 1916 536 1953 illud
556 1917 602 1954 ad
614 1919 806 1955 Romanos
829 1929 937 1968 caput
950 1916 1042 1954 nihil
1061 1915 1159 1954 aliud
1172 1916 1221 1952 est
1252 1912 1362 1964 quam
1374 1916 1493 2003 origi-

199 1968 293 2005 nalis
310 1970 448 2019 peccati
459 1968 706 2019 description
720 1982 763 2007 ex
778 1972 1022 2007 renouatione
1035 1964 1165 2006 clarius
1176 1979 1289 2018 patet.
1308 1969 1406 2004 Nam
1437 1968 1493 2016 pi-

198 2023 368 2071 ritus,qui
383 2022 496 2059 veteri
509 2020 650 2058 homini
664 2025 698 2058 &
714 2024 811 2059 carni
826 2022 1113 2072 opponitur,non
1126 2018 1240 2057 modo
1251 2022 1410 2071 gratiam
1423 2031 1492 2056 no-

202 2084 255 2112 tat
266 2086 336 2123 qua
357 2074 553 2126 corrigitur
564 2072 719 2110 inferior
741 2087 818 2124 pars
839 2075 968 2110 animae
994 2072 1050 2110 vel
1062 2072 1230 2110 sensualis
1245 2099 1255 2115 ,
1269 2071 1330 2109 sed
1346 2072 1491 2123 plenam

130 2153 139 2161 .
175 2152 183 2161 .
202 2139 368 2163 omnium
382 2128 542 2176 partium
561 2124 865 2164 reformationem
877 2124 1148 2175 complectitur.
1171 2123 1387 2175 Atqueideo
1399 2125 1492 2173 Pau<

202 2179 254 2216 lus
268 2192 339 2217 non
355 2175 498 2216 tantum
514 2174 646 2214 craffos
660 2180 840 2228 appetitus
854 2180 890 2214 in
913 2176 1071 2214 nihilum
1085 2177 1226 2227 redigi,
1239 2176 1299 2213 sed
1311 2189 1379 2213 noe
1388 2177 1489 2225 spiri-

150 2246 178 2268 2.
204 2233 387 2270 tumentis
400 2230 697 2268 renouariiubet.
720 2231 806 2268 sicut
821 2234 929 2267 etiam
943 2228 1029 2266 al1bi
1044 2228 1374 2267 transformarinos
1388 2227 1492 2266 iubet

203 2287 241 2321 in
255 2285 423 2322 nouitate
434 2284 578 2320 mentis.
600 2281 692 2319 vnde
706 2283 864 2332 sequitur
876 2308 885 2324 ‚
902 2294 1039 2330 partem
1053 2281 1152 2318 illam
1167 2308 1177 2324 ,
1191 2283 1227 2317 in
1243 2294 1314 2330 qua
1327 2277 1491 2318 maxime

205 2334 366 2389 refulget
385 2338 514 2374 anima:
535 2335 736 2386 praestantia
757 2339 791 2371 δε
815 2334 1098 2376 nobilitas,non
1123 2330 1235 2370 mod&
1261 2333 1491 2371 vulneratam

208 2387 294 2432 este,
309 2388 367 2427 sed
378 2392 424 2426 ita
436 2399 659 2437 corruptam,
676 2400 712 2424 vt
727 2401 800 2424 non
813 2385 926 2423 modo
940 2387 1064 2430 sanari,
1081 2384 1137 2423 sed
1149 2398 1284 2422 nouam
1298 2380 1413 2435 prope
1427 2397 1491 2422 na-

209 2456 326 2483 turam
337 2441 488 2481 iuduere
499 2452 589 2492 opus
605 2439 747 2478 habeat.
767 2440 962 2492 Qrtenus
977 2442 1010 2476 δε
1033 2450 1198 2478 mentem
1211 2443 1244 2476 St
1262 2450 1324 2475 cor
1335 2446 1495 2486 occupet

1287 2499 1494 2543 peccatum,

1553 0 1591 73 'l
