1606 2775
74 538 114 563 (Ιι

72 1020 184 1059 fialae.
199 1034 227 1068 3.

74 1082 123 1107 cd!

77 1521 151 1562 Sap·
176 1527 226 1561 14.

77 1566 146 1614 ἕως

74 1922 170 1954 (scm.
184 1931 227 1966 31.

75 1981 150 2020 tam

84 2396 166 2444 Iofle
179 2407 214 2439 24
224 2420 231 2426 .

230 49 283 100 '44
648 53 862 93 Lrssnr
915 51 1145 93 PRIMI'

231 116 411 157 habitum.
427 118 664 168 Componant
675 131 764 169 ergo
776 118 949 158 suaidola
962 120 1019 158 vel
1032 119 1078 157 ad
1092 117 1282 156 modicum
1304 117 1431 157 saltem
1451 116 1521 170 pu:

233 169 363 207 dorem
381 196 393 212 ,
417 182 456 207 vr
467 170 578 219 paulo
588 171 820 209 verecundius
841 175 1067 210 mentiantur
1087 172 1237 209 alicuius
1261 170 1459 209 sanctitatis
1476 172 1520 208 li-

233 218 418 261 bros'ess'e.
444 222 512 260 Sed
524 233 600 260 tum
615 235 764 273 quoque
774 223 1073 274 respondebimus
1088 251 1097 268 ,
1119 237 1195 261 non
1216 223 1308 261 hanc
1331 220 1401 261 esse
1413 225 1449 261 in
1469 224 1537 260 sa·-

234 277 302 313 cris
314 274 405 312 locis
419 273 579 312 docendi
593 273 704 312 fidelis
719 275 844 326 populi
867 279 1071 314 rationem:
1096 287 1204 326 quem
1229 272 1339 328 longe
1362 275 1433 313 alia
1453 275 1522 312 do-

236 329 350 368 sttina
361 324 471 377 quam
483 328 553 366 istis
566 329 687 364 naeniis
699 326 770 365 illic
781 329 916 366 institui
931 329 1009 366 vult
1021 333 1136 367 Dens.
1161 332 1200 365 In
1214 330 1315 365 verbi
1330 326 1379 367 sui
1393 325 1523 377 praedi-

237 379 549 418 catione&sacris
562 381 743 430 mysteriis
766 393 1005 418 communem
1031 381 1104 418 illic
1128 381 1301 418 omnibus
1318 380 1540 418 ἀοέῦῑτίῐιειηιΔ

237 433 399 483 proponi
412 429 560 480 iuffitzip
573 444 681 481 quarn
700 444 826 479 parum
848 431 975 471 sedulo
996 436 1175 471 intentum
1190 433 1250 469 libi
1273 434 1433 470 animum
1449 427 1523 468 effe

238 482 471 536 produntqui
485 485 600 521 oculis
613 482 767 520 adidola
787 485 1068 536 contemplanda
1087 488 1396 537 circumaguntur.
1409 484 1524 535 Quos

238 550 332 590 ergo
345 547 477 573 vocant
497 536 643 587 Papistae
661 535 796 572 idiotas
817 563 827 579 ,
856 550 1014 588 quorum
1036 537 1173 576 ruditas
1197 538 1280 574 solis
1300 537 1523 588 imaginibus

243 589 365 626 doceri
379 588 547 626 sustineat
569 597 580 625 ἓ
611 589 694 624 Hos
717 588 873 632 scilicet,
892 603 985 639 quos
997 604 1064 640 pro
1077 590 1144 628 suis
1164 588 1340 640 distipulis
1362 586 1527 643 agnoscit

243 642 454 680 Dominus:
473 654 565 690 quos
579 640 726 677 caelestis
747 638 814 678 suae
837 640 1073 692 philosophia:
1093 643 1318 681 reuelatione
1341 641 1527 694 dignatur:

242 707 336 744 quos
349 693 564 731 salutaribus
577 694 678 745 regni
694 693 745 729 sui
756 694 935 744 mysteriis
949 694 1026 732 vult
1046 694 1194 733 erudiri.
1214 696 1348 732 Fateor
1360 692 1527 744 quidem,

242 759 280 784 vt
293 759 348 783 res
360 744 619 788 habent‚hodie
633 741 703 782 effe
716 758 788 782 non
802 758 942 795 paucos
961 747 1023 794 qui
1047 746 1178 784 talibus
1199 747 1297 783 libris
1320 758 1443 784 carere
1464 757 1530 781 ne·-

243 810 391 848 queant.
405 797 473 835 Sed
490 797 586 835 vnde
599 796 718 846 quaeso
730 823 740 839 ‚
763 797 881 835 isthaec
892 797 1079 847 stupiditas
1092 824 1102 839 ,
1121 799 1182 836 nifi
1196 796 1294 847 quod
1308 811 1351 836 ea
1364 796 1530 835 doctrina

239 850 453 888 fraudantur
463 862 543 899 quae
553 849 630 887 sola
654 861 731 887 erar
742 848 787 887 ad
808 863 872 887 eos
892 847 1104 888 formandos
1117 850 1264 888 idonea?
1277 852 1411 901 Neque
1431 851 1528 886 enim
1585 862 1587 864 ’

241 903 313 940 alia
326 902 371 940 de
383 898 485 939 causa
497 928 506 945 ‚
528 905 589 953 qui
602 914 775 951 praeerant
791 903 963 940 *Ecclefiis
976 930 985 946 ‚
1002 903 1225 953 refignarunt
1246 902 1353 940 idolis
1373 901 1531 938 docendi

240 958 335 993 vices
347 982 358 998 ,
379 955 442 992 nifi
454 955 539 1004 quia
552 953 615 1004 ipsi
629 955 720 991 muti
735 966 851 991 erant.
863 954 1046 992 Christum
1060 968 1141 992 vera
1156 955 1346 1006 Euangelii
1358 953 1530 1001 praedica-

241 1010 342 1046 tione
355 1007 522 1059 depingi,
547 1010 580 1043 &
595 1005 875 1056 quodammodo
890 1007 940 1045 ob
953 1008 1082 1046 oculos
1096 1008 1235 1045 nostros
1252 1004 1412 1057 crucifigi
1425 1006 1531 1043 testa-
1558 1048 1561 1051 ,

242 1059 653 1109 tur.Paulus.Qorfum
675 1059 787 1108 igitur
804 1059 981 1097 attinebat
1002 1072 1061 1097 tot
1081 1057 1208 1110 paffiin
1229 1062 1265 1096 in
1281 1059 1427 1109 templis
1449 1070 1533 1095 cru-

244 1127 304 1152 ces
320 1109 762 1164 erigi‚ligneas,lapideaS‚
774 1123 967 1162 argenteas
983 1116 1017 1149 &
1031 1124 1156 1150 aureas
1171 1139 1180 1155 ‚
1194 1112 1218 1148 fi
1231 1107 1346 1161 probe
1358 1115 1393 1148 ὅ(
1409 1108 1535 1148 fideli-

245 1178 302 1203 ter
312 1164 402 1204 illud
412 1160 938 1204 incu.lcaretur‚Christum2effe
949 1176 1196 1207 mortuum,vt
1207 1166 1244 1201 in
1257 1176 1363 1201 cruce
1376 1161 1534 1200 maledi.-

245 1218 408 1255 &ionem
423 1217 580 1254 nostram
596 1215 782 1253 sustineret
794 1243 804 1259 ,
826 1229 973 1266 peccata
985 1217 1106 1254 nostra
1118 1218 1282 1266 expiaret
1293 1218 1456 1267 corporis
1479 1213 1533 1252 sui

247 1268 421 1307 sacrificio
434 1296 443 1312 ,
466 1265 712 1324 sanguineque
724 1266 889 1306 ablueret
901 1295 912 1311 ,
924 1282 990 1306 nos
1002 1268 1159 1318 denique
1170 1267 1423 1306 reconciliaret
1445 1269 1534 1304 Deo

246 1324 364 1360 Patri?
380 1324 516 1373 Exquo
529 1334 601 1358 vno
614 1319 840 1370 plusdiscere
863 1333 1038 1370 poterant
1059 1320 1165 1371 qnam
1182 1334 1225 1358 ex
1245 1320 1347 1358 mille
1367 1319 1535 1357 crucibus

245 1377 376 1427 ligneis
396 1386 458 1413 aut
477 1373 641 1425 lapideis.
654 1377 735 1408 nain
748 1374 784 1409 in
796 1385 922 1410 aureas
945 1378 978 1410 &
1004 1385 1197 1424 argenteas
1209 1374 1309 1410 anari
1329 1385 1470 1419 mentes
1494 1375 1531 1408 &

245 1427 372 1465 oculos
386 1429 546 1465 tenacius
557 1420 654 1462 forte
667 1423 960 1477 defigunnquarn
973 1428 1010 1462 in
1024 1427 1093 1463 vlla
1105 1428 1179 1462 Dei
1191 1424 1314 1463 verba.

299 1486 319 1517 8
372 1476 488 1518 Porro
499 1478 543 1517 de
555 1477 741 1515 idolorum
754 1480 898 1515 orioine
908 1504 918 1521 ,
931 1477 1080 1528 publico
1092 1474 1171 1515 fere
1183 1481 1225 1515 co
1232 1475 1330 1516 sensu
1342 1488 1532 1528 receptum

249 1531 562 1584 estquodinlibro
575 1531 768 1578 Sapientiae
778 1509 934 1568 ha²l³etur
955 1532 1113 1581 :primos
1137 1531 1272 1568 scilicet
1291 1527 1446 1569 extitisse
1468 1542 1535 1566 eo-

246 1600 327 1624 rum
341 1584 592 1635 autliores,qu1
607 1581 698 1619 bunc
709 1581 890 1620 honorem
905 1581 1113 1620 detulerunt
1127 1585 1280 1621 mortuis
1296 1610 1305 1626 ‚
1328 1596 1363 1621 vt
1374 1582 1535 1632 ipsorum

248 1640 465 1677 memoriam
479 1633 720 1687 superstitiose
732 1636 911 1673 colerent.
934 1637 978 1674 Et
991 1633 1072 1672 sane
1085 1633 1203 1672 fateor
1217 1638 1425 1688 peruersnm
1437 1633 1536 1670 hunc

246 1704 391 1730 morem
403 1687 507 1728 fuisle
520 1686 818 1727 vetustissimum:
843 1700 912 1724 nec
923 1686 1044 1726 facem
1055 1684 1157 1725 fuisse
1169 1700 1267 1739 nego
1280 1701 1347 1739 qua
1369 1686 1535 1724 accensus

247 1745 400 1782 hominii
411 1742 457 1780 ad
467 1742 713 1780 idololatriam
727 1740 831 1778 furor
842 1743 962 1794 magis
978 1740 1125 1778 exarfit:
1146 1755 1221 1778 non
1235 1754 1359 1784 tamen
1371 1738 1536 1777 concedo

244 1797 341 1835 hunc
353 1793 458 1833 fuiffe
471 1797 627 1846 primum
640 1794 727 1831 mali
740 1793 899 1831 fontem.
921 1792 1021 1831 Idola
1043 1795 1143 1831 enim
1163 1793 1234 1830 ianr
1256 1791 1360 1830 fuisse
1379 1792 1472 1841 prius
1497 1793 1536 1827 in

247 1848 307 1886 vsu
319 1847 427 1898 quam
440 1849 503 1885 ista
514 1850 550 1884 in
563 1845 817 1884 consecrandis
830 1858 1064 1884 mortuorum
1085 1846 1305 1897 imaginibus
1316 1844 1470 1881 ambitio
1481 1847 1532 1879 in-

247 1897 426 1942 ualuisset,
441 1902 557 1946 (cuius
570 1899 666 1950 apud
677 1898 851 1947 profanos
865 1899 1056 1949 scriptores
1069 1898 1196 1936 crebra
1207 1896 1248 1934 fit
1261 1898 1403 1936 mentio
1415 1897 1429 1941 )
1445 1908 1538 1932 con-

246 1957 312 1992 stat
325 1967 364 1991 ex
382 1955 502 1990 Mose.
525 1953 659 2003 Qum
673 1951 874 1991 Rachelem
890 1963 1008 1988 narrat
1019 1950 1135 1988 furati
1149 1947 1218 1987 effe
1230 1950 1339 1998 patris
1355 1949 1404 1986 sui
1417 1947 1535 1990 idola,
1569 1972 1575 1977 =

246 2021 318 2044 non
333 2008 429 2043 secus
444 2018 484 2042 ac
499 2004 543 2042 de
556 2006 742 2042 communi
755 2005 846 2041 vitio
862 2003 1036 2053 loquitur.
1050 2001 1152 2040 Vnde
1164 2000 1340 2052 colligere
1354 2001 1453 2043 licet,
1464 1999 1538 2036 ho-

244 2061 355 2097 minis
368 2059 556 2111 ingenium
570 2069 795 2108 perpetuam,
811 2068 847 2093 vt
860 2058 911 2094 ita.
922 2048 1135 2106 loquar,esse
1146 2052 1331 2091 idolorum
1344 2051 1534 2090 fabricam.

245 2116 276 2150 A
302 2111 444 2149 diluuio
465 2109 629 2160 quaedam
653 2121 731 2147 erat
755 2109 883 2147 mundi
904 2106 1151 2159 palingenefia
1173 2120 1181 2142 ε
1203 2106 1304 2157 atqui
1327 2119 1404 2142 non
1427 2105 1538 2142 multi

245 2166 328 2201 anni
340 2166 458 2201 fluunt
469 2165 554 2213 quin
570 2163 630 2198 fibi
647 2162 815 2199 homines
829 2176 895 2211 pro
907 2160 1055 2197 libidine
1068 2157 1154 2195 deos
1179 2156 1332 2210 fingant.
1348 2161 1400 2194 Ac
1422 2156 1537 2194 credi-

244 2217 319 2255 bile
339 2217 388 2253 est
403 2243 412 2258 ‚
428 2216 614 2266 superstite
644 2215 764 2253 adhuc
787 2214 910 2252 sansto
934 2212 1063 2250 Patriax
1073 2211 1139 2247 cha
1158 2211 1379 2248 idololatrix
1392 2209 1537 2248 deditos

244 2266 350 2307 fuiffe
372 2281 547 2318 nepotes,
573 2280 613 2305 vt
635 2269 751 2305 oculis
765 2266 834 2304 suis
855 2279 930 2302 non
953 2265 1025 2302 fine
1055 2260 1286 2300 acerbiffimo
1307 2262 1439 2299 dolore
1460 2273 1556 2299 cer--

246 2321 465 2359 neretidolis
490 2319 615 2357 foedari
639 2333 794 2361 terram,
818 2321 913 2356 cuius
940 2316 1165 2364 corruptelas
1198 2328 1312 2364 nuper
1337 2318 1434 2351 Deus
1458 2325 1535 2351 ram

246 2373 413 2417 horribili
427 2375 562 2411 iudicio
576 2384 804 2425 purgaucrat.
818 2373 916 2409 Nam
931 2369 1054 2406 Thare
1068 2374 1100 2405 δε
1118 2367 1268 2406 Nachor
1282 2369 1354 2406 iarn
1371 2379 1456 2405 ante
1471 2377 1537 2402 na·-

248 2441 326 2465 tum
344 2427 527 2464 Abraham
542 2423 717 2465 falsorum
734 2424 886 2460 deorum
900 2422 1056 2459 cultores
1071 2433 1126 2457 era
1135 2431 1184 2461 nt,
1198 2419 1294 2456 licuti
1308 2422 1462 2457 testatur
1475 2421 1539 2454 Io-

250 2481 458 2531 sue.Qn=.n
474 2491 547 2517 tarn
573 2476 645 2517 cito
667 2475 857 2515 dest-luerit
881 2475 1074 2526 progenies
1100 2476 1203 2517 Sem,
1218 2472 1364 2523 quidde
1385 2471 1537 2560 pegeris

1461 2535 1538 2560 iam
