1591 2775
491 13 741 57 CAPVT
795 16 903 57 IL‘
1247 26 1335 68 145

31 89 112 131 ‘tem
125 98 284 140 appetat.
300 84 367 125 Sed
380 85 471 125 istud
480 85 525 124 ab
541 87 730 138 Augustini
741 100 872 125 mente
882 85 1010 139 procul
1019 87 1133 132 abest,
1146 85 1166 127 ὲ
1177 101 1254 141 quo
1265 101 1324 128 ta·
1336 90 1391 123 De
1410 87 1490 140 libe?

33 158 119 185 rnen
144 135 322 192 sumpfiffe
342 139 580 188 partitionem
602 138 715 177 videri
740 141 818 178 vult
840 140 1082 180 Lombardus.
1108 148 1148 182 In
1162 140 1319 180 secundo
1334 152 1371 179 νο
1383 140 1474 193 arbo3

33 195 206 236 membro
226 192 448 243 ambiguitas
471 204 532 228 me
545 187 723 235 offendit,
736 204 815 242 quae
827 192 1032 241 peruersam
1058 197 1190 248 genuit
1205 197 1324 236 inter-
1336 202 1410 235 itte.
1431 225 1435 235 ,
1460 215 1468 234 ·.

32 248 294 303 pretationem.
319 243 405 281 Ideo
419 245 515 280 enim
529 254 703 293 putarunt
713 257 780 281 nos
793 243 952 282 secunda:
964 247 1035 283 Dei
1045 248 1170 297 gratiae
1182 259 1323 296 coope-
1355 253 1359 258 '

32 302 106 339 rari
117 327 127 341 ‚
141 296 242 349 quod
253 297 362 334 nostri
376 297 460 333 iuris
484 296 523 333 fit
536 297 686 346 primam
701 299 856 346 gratiam
879 297 937 334 vel
951 296 1153 348 respuendo
1174 302 1320 336 irritam

31 353 164 394 facere,
178 348 235 387 vel
245 348 461 386 obedienter
476 346 659 398 sequendo
673 346 905 387 confirmare.
926 349 1046 401 Qod
1056 351 1186 388 author
1199 353 1319 400 operis
1337 346 1452 393 L‘ib.2.'
1464 391 1468 394 ,

33 409 94 445 De
113 403 304 441 vocatione
317 401 496 438 Gentium
508 399 554 436 fic
566 401 757 449 exprimit,
771 402 944 440 Liberum
958 400 1029 440 eise
1042 404 1081 439 iis
1095 408 1155 454 qui
1169 405 1318 441 rationis
1334 408 1408 451 (ἕως,

31 458 166 497 iudicio
178 465 339 494 vtuntur‚
357 451 376 490 ὲ
388 454 504 506 gratia
513 449 706 490 discedere:
721 465 757 491 vt
769 468 842 491 non
857 452 1043 492 disceffiss'e
1055 454 1097 492 fit
1112 459 1330 506 praemium„

30 515 65 548 δε
85 522 124 546 vt
135 506 234 557 quod
249 519 321 542 non
333 506 452 554 potest
467 504 531 541 nifi
544 505 674 555 Spiritu
688 517 908 556 cooperante
921 505 1013 549 fieri.
1028 520 1157 546 eorum
1174 511 1317 545 meritis

29 561 225 612 deputetur
239 569 396 608 quorum
417 556 454 594 id
467 560 588 607 potuit
608 556 797 595 voluntate
818 571 890 595 non
903 556 991 596 fieri.
1016 560 1106 597 Haec
1117 560 1190 598 duo
1215 572 1321 600 nota-.

30 627 70 652 re
83 615 202 651 obiter
215 610 327 647 libuit
342 636 351 651 ,
367 621 402 647 vt
417 609 536 647 videas
549 612 624 646 iam
640 610 755 647 lestor
772 623 948 661 quantum
963 609 982 648 ὲ
995 611 1191 650 sanioribus
1204 614 1319 650 Scho-

29 666 160 706 lasticis
173 658 388 700 dissentiam.
411 664 598 715 Longiore
612 662 707 699 enim
722 663 919 701 interuallo
942 661 1235 702 &recentioribus
1248 667 1319 702 So-
1374 688 1375 691 =

30 718 156 769 phistis
176 712 304 754 differo
319 740 328 756 ,
342 726 481 765 quanto
504 713 636 751 scilicet
657 711 865 753 avetustate
887 712 1034 767 longius
1056 712 1319 759 abscess‘erunt.,

31 774 222 819 Vtcunque
235 793 246 811 ‚
260 780 302 813 ex
314 767 379 804 hac
404 778 528 804 tamen
552 768 751 816 partitione
771 768 1012 823 intelligimus
1026 781 1095 820 qua
1115 773 1258 809 ratione
1270 769 1315 807 li-

27 823 158 861 berum
183 820 350 857 dederint
379 819 572 856 arbitrium
595 817 734 855 homini
752 847 759 855 .
797 822 1015 858 Pronuntiat
1043 827 1140 858 enim
1161 822 1321 866 tandein⁴

30 872 260 913 Lombardns
272 898 281 912 ‚
296 885 369 908 non
384 871 489 908 liberi
512 870 651 908 arbitrii
665 869 750 907 ideo
774 885 840 908 nos
853 869 925 909 effe
946 871 1048 923 quod
1064 874 1108 910 ad
1127 874 1265 913 bonum
1278 879 1313 912 &
1332 869 1406 909 Lib,
1422 882 1462 912 ιμ’

30 927 171 965 malum
191 924 249 962 vel
268 923 449 974 agendum
473 923 530 960 vel
555 922 796 974 cogitandum
817 937 981 976 peraeque
1003 926 1230 976 polleamusz
1252 926 1313 966 sed
1327 920 1458 972 [entem]

30 979 207 1017 duntaxat
219 974 323 1026 quod
343 977 533 1012 coaffione
544 974 653 1012 soluti
675 975 812 1011 sumus.
834 977 933 1027 Qve
947 978 1097 1015 libertas
1108 993 1182 1016 non
1196 982 1314 1029 impe·
1329 971 1455 1026 (ἶιβῷϊΔΛ

28 1031 137 1070 ditur,
152 1029 288 1066 etiamli
300 1028 404 1079 praui
415 1026 525 1064 simus
539 1052 549 1068 ,
566 1030 599 1063 8(
612 1026 705 1064 serui
718 1031 854 1077 peccati
868 1055 877 1070 ,
895 1034 927 1065 ὃς
944 1030 1034 1066 nihil
1045 1029 1153 1081 quarn
1164 1045 1321 1083 peccare
1380 1078 1383 1081 ¹

21 1081 217 1135 possimus
580 1111 582 1113 .
892 1079 896 1083 “
956 1104 957 1107 =
1355 1090 1358 1100 ²

83 1146 107 1177 7
160 1134 280 1171 Liberi
293 1146 384 1186 ergo
406 1129 548 1168 arbitrii
560 1129 631 1168 hoc
651 1130 765 1169 modo
778 1129 920 1169 dicetur
933 1131 1052 1169 homo
1065 1160 1075 1176 ‚
1087 1148 1159 1172 non
1173 1138 1259 1188 quia
1271 1137 1316 1176 li-

27 1187 157 1226 beram
169 1185 303 1223 habeat
328 1186 415 1222 boni
431 1180 530 1233 aeque
544 1195 585 1220 ac
605 1186 691 1221 mali
704 1184 946 1222 electionem:
963 1184 1024 1223 sed
1035 1189 1119 1236 quia
1143 1187 1234 1225 male
1245 1201 1318 1227 vo-
1338 1193 1367 1221 .'

26 1241 170 1282 luntate
182 1241 270 1290 agit,
285 1252 359 1275 non
371 1236 577 1274 coactione.
601 1234 755 1285 Optime
768 1236 802 1273 id
815 1238 988 1287 quidem:
1004 1239 1061 1276 sed
1073 1238 1245 1287 quorsum
1255 1234 1316 1280 at-

26 1291 255 1330 tinebatrem
271 1290 449 1328 tantulam
471 1287 567 1325 adeo
581 1287 737 1339 superbo
756 1289 861 1326 titulo
875 1290 1047 1344 inlignire
1061 1301 1071 1328 ἓ
1087 1293 1240 1348 Egregia
1254 1308 1318 1333 ve-

26 1341 70 1382 τὸ
84 1343 233 1380 libertas
246 1369 255 1384 ,
272 1342 294 1379 fi
309 1342 425 1379 homo
440 1340 583 1391 quidem
597 1355 669 1378 non
690 1345 832 1395 cogitur
844 1342 888 1378 ad
903 1343 1135 1382 seruiendum
1148 1359 1314 1395 peccato:

28 1396 75 1434 fic
87 1408 210 1434 tamen
235 1395 284 1432 est
303 1393 517 1436 ἑθελόὃῡυλος,
534 1404 569 1430 vt
585 1394 704 1431 vincta
725 1407 891 1439 teneatur
914 1400 1051 1446 peccati
1073 1399 1315 1448 compedibus

28 1451 104 1486 eius
120 1448 295 1485 voluntas.
314 1445 490 1497 Equidem
504 1445 693 1487 λογομαχίας
704 1447 1042 1498 aboniinor‚quibus
1055 1448 1179 1488 frustra
1193 1453 1316 1490 Eccle-

28 1501 79 1538 fia
89 1499 259 1550 fatigatur
273 1515 280 1536 ε
294 1499 350 1535 sed
366 1497 535 1548 religiose
561 1496 694 1535 censeo
705 1498 882 1537 canendas
906 1513 965 1537 eas
980 1513 1086 1538 voces
1101 1516 1181 1552 quae
1194 1503 1317 1543 absur-

28 1553 115 1591 dum
127 1551 259 1600 aliquid
271 1549 612 1601 sonanrzpraesertim
629 1550 686 1587 vbi
700 1549 900 1602 perniciose
912 1566 1065 1592 erratur.
1083 1554 1238 1607 Qotus
1249 1570 1316 1595 au-

29 1618 108 1643 tem
121 1603 240 1654 quaeso
252 1631 261 1647 ‚
278 1602 427 1653 quisque
441 1604 489 1640 est
508 1629 517 1645 ,
531 1603 693 1653 quidum
716 1601 883 1656 affignari
898 1606 1037 1644 homini
1049 1609 1202 1645 liberum
1215 1610 1316 1647 arbim

28 1659 143 1696 trium
156 1655 258 1692 audit
269 1682 279 1697 ‚
294 1668 366 1691 non
381 1655 500 1692 statim
523 1656 682 1704 concipit
694 1656 798 1693 illum
822 1653 894 1694 effe
909 1663 943 1694 <St
969 1662 1100 1696 mentis
1113 1661 1179 1698 suae
1203 1666 1236 1699 δε
1250 1676 1316 1699 vo-

28 1708 179 1747 luntatis
194 1707 462 1756 dominum,qui
476 1706 623 1744 flectere
636 1710 669 1744 l'e
682 1710 717 1744 in
734 1711 907 1746 vtramuis
920 1711 1088 1759 partem&
1104 1710 1218 1763 seipso
1232 1712 1315 1764 pos.

28 1761 86 1799 fit?
102 1762 214 1810 Atqui
228 1760 341 1808 (dicet
352 1758 547 1809 quispiam)
561 1759 745 1797 sublatum
759 1764 827 1799 erit
841 1761 1275 1813 huiufinodipei·icu1um‚
1288 1767 1314 1804 fi

30 1813 76 1850 de
89 1810 355 1866 fignificatione
371 1810 567 1864 diligenter
580 1812 678 1862 plebs
698 1813 1034 1852 admoneatur.1mo
1050 1814 1135 1853 vero
1148 1831 1261 1868 quum
1275 1822 1317 1858 in

30 1865 230 1904 falfitatem
244 1863 338 1901 vltro
353 1863 552 1901 humanum
566 1866 755 1916 ingenium
768 1866 1012 1917 propendeat,
1029 1871 1132 1906 citius
1146 1883 1311 1910 errorem

30 1917 74 1955 ex
86 1916 237 1954 verbulo
251 1930 323 1952 vno
338 1915 604 1967 hauriet,quam
618 1920 808 1954 veritatem
824 1931 867 1955 ex
884 1920 1027 1969 prolixa
1038 1923 1220 1960 oratione.
1234 1925 1314 1962 Cu-

28 1972 84 2008 ius
99 1971 150 2006 rei
165 1970 296 2006 certius
308 1968 482 2005 habemus
495 1972 529 2006 in
545 1969 701 2019 hocipso
719 1969 1024 2022 vocabuloquaiu
1037 1975 1310 2023 optandum-fit,

31 2024 335 2074 experimentum.
360 2021 425 2058 Illa
440 2023 537 2058 enim
554 2034 718 2059 veterum
741 2024 1045 2072 interpretatione
1063 2025 1313 2075 praetermiiTa‚

32 2086 109 2113 tota
121 2070 196 2111 fere
211 2074 404 2124 posteritas
419 2075 454 2109 in
469 2074 569 2112 verbi
584 2086 714 2122 etymo
726 2072 813 2112 dum
825 2074 989 2119 haeret‚in
1003 2078 1187 2118 exitialem
1199 2081 1317 2120 confi·

31 2125 194 2164 dentiam
209 2126 334 2163 eueffih
347 2126 408 2162 est.

82 2182 101 2214 8
155 2175 274 2231 Qod
286 2177 309 2214 fi
323 2191 387 2214 nos
409 2179 553 2218 Parrum
564 2178 766 2217 authoritas
787 2192 939 2219 mouet:
953 2182 1006 2220 illi
1020 2183 1167 2233 quidem
1178 2184 1318 2229 assidue

32 2231 69 2267 in
81 2243 144 2268 ore
156 2229 295 2268 habent
316 2230 532 2268 vocabulum
547 2256 557 2274 ,
573 2231 634 2269 sed
646 2232 748 2269 fimul
769 2233 955 2272 declarant
976 2239 1101 2286 quanti
1121 2235 1257 2276 faciant
1272 2241 1315 2277 il-

32 2281 99 2322 lius
114 2282 212 2319 vsum
228 2284 284 2319 :in
296 2284 418 2333 primis
432 2284 734 2335 Augustinu5,qui
748 2299 821 2323 non
833 2285 975 2324 dubitat
991 2290 1142 2326 Seruum
1154 2292 1318 2341 appella-

33 2347 86 2371 te.
111 2335 254 2371 Alicubi
267 2335 449 2372 succenset
460 2338 627 2374 aduersus
641 2350 705 2374 eos
718 2341 782 2387 qui
794 2339 951 2377 liberum
965 2354 1101 2390 negant
1111 2344 1314 2383 arbitrium:
1333 2361 1396 2399 Lib
1466 2362 1488 2402 3

35 2385 95 2424 sed
109 2389 322 2437 praecipuam
343 2389 525 2425 rationem
538 2387 718 2432 declarat,
732 2403 845 2440 quum
857 2404 907 2428 ait
918 2417 928 2434 ,
946 2382 1110 2431 Tantum
1131 2409 1175 2431 ne
1186 2398 1318 2435 audeat
1367 2393 1374 2398 ’
1401 2374 1438 2400 '¹'
1450 2379 1464 2401 c

34 2440 219 2491 quisquam
231 2439 276 2478 fic
301 2453 437 2495 negare
460 2440 658 2479 voluntatis
675 2443 867 2482 arbitrium
879 2470 889 2489 ,
901 2446 1032 2484 vtvelit
1050 2448 1217 2486 excusare
1231 2463 1315 2500 pec-

1090 2496 1156 2553 kt

1333 2426 1380 2450 tra
1392 2423 1487 2455 Iulia

1335 2480 1426 2520 'lu-mg
