1591 2775
502 83 504 86 Α
543 30 578 67 c
598 31 629 67 A
655 31 681 67 Ρ
703 32 792 81 vb’r
845 33 925 69 vr.
1341 25 1407 78 '4'25

238 98 310 145 De
322 88 603 143 vita'homini's
627 95 869 152 Christiani:
885 113 935 141 ac
948 91 1156 158 primam,
1181 93 1325 158 quibus
1337 114 1408 142 ara

294 163 501 226 gumentis
511 161 570 207 ad
581 178 668 217 eam
680 179 752 206 nos
765 161 943 207 hortetur
952 167 1182 225 Scriptura.

1060 242 1089 271 c
1108 242 1137 271 A
1152 241 1178 270 Ρ
1196 242 1225 271 v
1238 242 1269 271 T
1320 242 1350 272 v
1373 243 1403 271 ι.

125 295 273 439 Q
287 305 308 328 c
328 305 354 330 o
375 303 396 328 Ρ
413 305 437 329 v
458 304 488 334 Μ
508 292 794 343 regenerationis
806 287 876 328 effe
888 290 1043 329 diximus
1055 303 1092 328 vt
1104 292 1139 326 in
1153 292 1225 327 vita
1238 288 1403 328 fidelium

231 361 235 363 ·
255 345 265 394 ζ
279 356 452 394 appareat
471 346 565 381 inter
582 346 651 381 Dei
675 345 846 392 iustitiam
862 348 897 381 δε
920 357 1050 381 eorum
1070 341 1284 392 obsequium
1307 342 1410 393 sym-

265 397 408 434 metria
430 401 464 434 &
485 395 673 434 consensus
695 411 704 433 :
727 397 895 446 atqueita
915 395 1157 446 adoptionem
1179 392 1404 433 confirment

120 461 194 500 qua
206 449 342 498 recepti
357 448 484 486 suntin
497 446 609 486 filios.
629 448 699 486 Etsi
711 461 835 486 autem
851 450 1055 486 nouitatem
1075 447 1175 484 illam
1195 452 1402 499 quaimago

121 502 239 540 Deiin
253 500 357 538 nobis
369 501 595 544 instauratur,
609 500 667 538 lex
681 501 788 551 ipsius
801 503 836 537 in
852 501 886 538 se
897 504 1064 538 continet
1076 527 1084 542 ,
1097 501 1179 549 quia
1195 511 1317 536 tamen
1330 513 1405 537 tar-

121 553 214 590 ditas
227 554 344 590 nostra
355 552 480 591 multis
496 565 572 590 tam
595 553 747 592 stimulis
775 553 884 604 quam
910 547 1138 590 adminiculis
1160 564 1251 602 opus
1273 550 1400 595 habet,

120 604 284 656 proderit
296 618 338 642 ex
355 607 460 642 variis
476 607 663 656 Scripturae
674 605 762 644 locis
784 607 969 643 rationem
981 607 1059 642 vitae
1071 603 1274 642 formandae
1296 603 1403 641 colli-

118 670 271 708 gere,ne
284 659 318 694 in
330 657 449 695 studio
462 659 526 695 suo
537 658 708 696 aberrent
724 658 853 709 quibus
866 656 1108 707 resipiscentia
1119 655 1220 693 cordi
1232 657 1297 695 est.
1312 657 1407 694 Por-

117 709 161 746 τὸ
177 709 263 748 dum
277 711 386 746 vitam
398 709 596 747 Christiani
611 710 770 747 hominis
781 708 1012 748 formandam
1025 708 1189 760 suscipio,
1203 721 1405 760 argumen-

117 773 196 799 tum
209 775 270 799 me
282 763 425 813 ingredi
438 765 535 800 noni
568 776 660 800 noro
676 764 814 801 varium
832 767 865 800 &
879 763 1082 811 copiosum,
1098 766 1131 799 &
1148 760 1247 810 quod
1260 762 1403 816 magni-

119 813 245 851 tudine
258 815 316 852 sua
327 815 483 866 longum
497 776 673 852 voffumen
689 814 836 865 explere
850 813 972 865 possit,
985 815 1010 851 fi
1022 815 1183 851 numeris
1198 814 1267 851 suis
1280 815 1404 851 omni⁴

118 865 187 904 bus
202 867 315 917 ipsum
327 866 520 905 absoluere
533 867 658 906 libeat.
682 868 853 906 Videmus
869 868 1014 905 enimin
1029 877 1198 916 quantam
1211 865 1404 916 prolixita-

116 931 195 957 tem
209 917 454 958 diffundantur
467 931 630 958 veterum
651 918 852 970 paraeneses
865 918 910 956 de
931 919 1077 972 singulis
1098 914 1242 955 tantum
1262 919 1407 957 virtuti-

117 970 185 1009 bus
199 971 422 1022 compofitae.
432 974 566 1021 Neque
578 972 616 1009 id
635 972 864 1022 loquacitate
884 972 1012 1008 nimia.
1025 970 1200 1020 siquidem
1214 983 1406 1020 quancun-

116 1036 191 1074 que
205 1026 372 1062 virtutem
391 1023 656 1063 commendare
667 1027 836 1062 oratione
848 1023 1073 1073 propositum
1090 1022 1133 1059 fit
1146 1048 1155 1064 ‚
1180 1023 1277 1060 vitro
1290 1022 1405 1074 stylus

115 1077 155 1113 in
168 1089 248 1114 eam
263 1075 542 1125 amplitudinem
556 1078 719 1114 materiae
731 1077 839 1126 copia
853 1074 1039 1113 deducitur
1050 1101 1059 1117 ‚
1075 1086 1113 1112 vt
1124 1076 1193 1111 rite
1207 1071 1404 1113 disseruisse

114 1142 191 1166 non
211 1127 363 1166 videaris
374 1128 441 1164 nisi
457 1127 571 1165 multa
586 1127 729 1165 dixeris.
752 1126 847 1165 Mihi
861 1125 948 1166 vero
958 1129 1099 1164 animus
1112 1140 1184 1163 non
1199 1128 1248 1163 est
1262 1153 1272 1167 .
1293 1139 1403 1178 quarn

116 1193 180 1219 me
191 1181 408 1218 traditurum
425 1193 519 1217 nunc
530 1178 710 1230 profiteor
722 1180 804 1218 vitae
815 1181 1086 1218 institutionem
1101 1179 1261 1229 eousque
1274 1192 1405 1217 exten-

115 1232 258 1274 dere.vt
275 1237 310 1270 δε
325 1232 557 1282 peculiariter
568 1232 722 1286 singulas
735 1235 978 1284 prosequatur
989 1232 1197 1274 virtutes,&
1215 1233 1250 1267 in
1265 1229 1402 1269 exlior-

115 1287 277 1323 tationes
291 1287 505 1334 expatietur.
520 1286 571 1323 Ex
582 1286 741 1322 aliorum
754 1284 892 1335 scriptis
904 1311 914 1326 ,
928 1284 1121 1334 praesertim
1137 1281 1223 1320 vero
1237 1297 1281 1323 ex
1296 1296 1404 1322 vete⁴

113 1350 196 1375 rum
208 1337 370 1375 homiliis
385 1335 460 1375 haec
470 1350 651 1389 petantur.
668 1336 762 1375 Mihi
775 1337 919 1375 abunde
931 1339 997 1375 erit
1010 1337 1034 1373 fi
1046 1334 1266 1374 methodum
1278 1338 1403 1374 osten-

113 1391 204 1429 dero
216 1403 289 1440 qua
301 1391 355 1428 vir
367 1393 443 1441 pius
457 1390 502 1427 ad
523 1392 665 1428 testum
688 1389 948 1427 constituenda:
967 1391 1047 1426 vitae
1072 1388 1221 1438 scopum
1243 1389 1402 1427 deduca-

115 1455 232 1486 tur‚ac
243 1443 407 1497 regulam
421 1443 603 1492 quandam
628 1442 865 1481 vniuersalern
878 1444 1041 1480 breuiter
1053 1440 1187 1478 finiero
1199 1468 1208 1483 ,
1231 1442 1276 1478 ad
1287 1454 1400 1492 quam

113 1494 236 1534 officia
263 1495 323 1532 sua
335 1509 407 1531 non
429 1492 527 1533 male
549 1498 685 1548 exigat.
713 1496 1053 1533 Declamationibus
1066 1494 1177 1531 istium
1201 1493 1400 1545 aliquando

112 1544 213 1586 forte
229 1560 369 1596 tempus
390 1549 460 1584 erit
476 1549 552 1585 :vel
565 1548 645 1585 aliis
663 1561 784 1597 partes
806 1548 936 1598 quibus
950 1561 1021 1582 non
1035 1547 1130 1584 adeo
1145 1546 1220 1583 sum
1242 1547 1400 1591 idoneus

114 1602 334 1649 relinquam.
366 1604 464 1637 Amo
478 1599 605 1638 natura
615 1601 857 1638 breuitatem:
874 1605 906 1636 δε
922 1597 1016 1637 forte
1028 1626 1039 1640 ‚
1064 1600 1087 1635 fi
1102 1596 1281 1645 copiosius
1294 1600 1398 1648 loqui

113 1652 263 1692 vellem,
280 1654 329 1688 no
343 1652 560 1690 succederet.
573 1651 692 1704 Qod
706 1652 730 1688 fi
744 1650 903 1689 maxime
917 1651 1108 1703 plausibilis
1120 1650 1210 1690 effet
1221 1651 1400 1699 prolixior

110 1703 267 1755 ‚docendi
282 1706 395 1745 ratio,
420 1707 571 1754 experiri
584 1719 709 1742 tamen
721 1706 779 1741 vix
793 1705 935 1742 liberet.
956 1705 1136 1754 praesentis
1162 1717 1285 1742 autem
1303 1716 1399 1754 ope-

111 1760 159 1796 ris
171 1759 262 1794 tario
278 1755 437 1806 postulat
450 1770 487 1793 vr.
497 1757 697 1807 simplicem
710 1757 913 1795 doctrinam
927 1768 1062 1807 quanta
1077 1756 1200 1795 licebit
1212 1757 1398 1794 breuitate

111 1809 409 1863 perstringamus.
422 1809 756 1861 Qemadmodum
770 1822 895 1846 autem
909 1822 1030 1847 certos
1044 1812 1133 1847 recti
1148 1813 1184 1846 &c
1197 1810 1338 1847 honesti
1350 1806 1396 1846 fi-

110 1876 175 1902 nes
187 1861 324 1900 habent
338 1860 549 1912 philosophi
566 1889 576 1905 ,
598 1863 690 1901 vnde
702 1859 1061 1912 particulariaofficia
1072 1860 1268 1912 totumque
1280 1863 1396 1900 virtu·

109 1928 191 1954 tum
205 1913 357 1952 chorum
372 1913 558 1952 deducunt
570 1916 638 1952 :ita
652 1927 719 1953 nec
731 1914 860 1952 ordine
872 1913 934 1952 sud
946 1926 1044 1955 caret
1055 1916 1092 1951 in
1108 1914 1179 1951 hoc
1191 1917 1390 1966 Scriptura:

109 1969 196 2019 quin
217 1965 497 2017 pulcherrimam
517 1970 767 2005 oeconomiam
789 1979 912 2009 tenet,
935 1966 1250 2017 acphilosophicis
1271 1967 1394 2005 omni-

109 2020 176 2058 bus
191 2015 310 2056 multo
325 2021 619 2057 certiorem.Hoc
632 2016 771 2058 tantum
786 2019 936 2057 interest
947 2016 1047 2069 quod
1058 2018 1110 2056 illi
1125 2022 1189 2068 (vt
1200 2031 1303 2059 erant
1313 2032 1389 2057 am-

108 2072 229 2110 bitiofi
241 2070 427 2117 homines)
440 2072 657 2123 exquiiitam
669 2071 912 2123 dispositionis
924 2070 1211 2122 perspicuitatem
1225 2099 1234 2113 ‚
1251 2086 1322 2122 qua
1334 2074 1393 2109 in-

138 2125 206 2161 enii
219 2123 480 2162 dexteritatem
498 2126 740 2167 ostentarent,
759 2121 886 2163 sedulo⁴
901 2122 1288 2175 affe,6}arunt:Spiritus
1301 2122 1390 2164 vero

131 2178 179 2214 δεῖ
193 2204 201 2220 ,
213 2177 296 2226 quia
310 2176 383 2213 sine
393 2173 632 2227 affec‘tatione
643 2177 815 2221 docebat,
831 2191 905 2213 non
917 2174 1111 2217 ita‘exaeie
1125 2189 1192 2214 uec
1208 2176 1390 2228 perpetuo

106 2228 354 2267 methodicam
368 2231 547 2268 rationem
561 2229 784 2272 obseruauir.
806 2242 913 2279 quam
928 2242 1054 2268 tamen
1066 2228 1152 2267 dum
1173 2229 1308 2269 alicubi
1321 2244 1389 2281 po-

107 2282 261 2323 nir‚satis
273 2282 389 2320 innuit
399 2296 473 2318 non
489 2279 562 2319 esse
573 2281 591 2319 ὲ
604 2283 711 2320 nobis
723 2281 998 2336 negligendam.

150 2346 170 2368 ι
210 2332 321 2371 Porro
333 2334 473 2373 duabus
486 2332 710 2384 potiffimt‘im
725 2337 889 2385 partibus
903 2333 1084 2372 incumbit
1098 2334 1234 2377 haec‚de
1246 2350 1318 2386 qua
1330 2337 1386 2375 lo-

107 2387 254 2434 quimut
264 2412 274 2428 ‚
295 2388 483 2437 Scripturae
496 2388 803 2426 instituti0.Pr1'or
815 2389 878 2431 est,
891 2399 931 2426 vt
942 2387 1083 2424 iustitiae
1093 2389 1259 2431 amor,ad
1274 2402 1387 2438 quem

106 2431 247 2489 alioqui
258 2450 387 2479 natura
396 2435 549 2479 minime
559 2439 729 2492 propensi
739 2438 862 2480 sumus
874 2466 885 2485 ,
909 2441 1041 2480 animis
1053 2441 1182 2478 nostris
1195 2441 1390 2481 instilletur

1142 2495 1227 2534 D.v.
