1591 2775
89 169 240 217 Hebm3.

29 245 36 252 ·
85 235 149 261 nn,

90 433 234 485 1.Tl7ejss5

89 497 151 535 ως

250 49 318 87 564
668 32 881 74 LIBRI
931 32 1198 76 TERTII

253 102 442 141 docuimus
455 100 584 140 Christi
597 99 852 138 intercessione
873 100 1071 138 consecrari
1096 105 1232 139 nostras
1248 113 1371 153 preces
1384 130 1394 147 ,
1407 112 1485 154 quae
1495 106 1540 150 a}

257 156 372 205 lioqui
388 155 538 205 pollutae
552 151 664 191 essent
677 179 686 197 ,
700 155 748 190 ita
759 153 970 204 Apostolus,
985 154 1112 191 iubens
1125 167 1190 190 nos
1201 167 1266 204 per
1283 155 1466 194 Christum
1477 151 1539 194 of-

258 206 355 245 ferre
369 206 521 244 hostiam
534 205 665 248 laudis,
681 203 790 242 nobis
802 204 847 242 ad
859 204 1116 242 celebrandum
1130 208 1204 243 Dei
1217 219 1354 247 nomen
1367 221 1408 245 os
1423 211 1471 245 no
1484 209 1540 247 sa..

262 262 306 298 tis
318 272 447 309 purum
461 257 516 296 ess'
514 272 532 297 e
544 257 798 300 admonet‚nifi
812 256 1010 294 intercedat
1027 256 1157 294 Christi
1170 255 1541 299 sacerdotium.Vnde

260 312 468 365 colligimus
490 303 700 361 prodigiose
723 306 914 347 fascinatos
942 304 1048 347 fuiss'e
1061 308 1229 347 homines
1252 312 1288 347 in
1301 313 1439 361 Paparu
1452 339 1463 356 ,
1477 313 1539 351 vbi

262 365 380 401 maior
392 376 472 414 pars
489 363 670 400 Christum
681 363 801 398 vocari
811 359 1032 399 aduocatum
1045 363 1295 411 miraturHec
1304 365 1399 401 ratio
1410 366 1461 401 est
1475 374 1540 403 cut

263 417 444 467 praecipiat
460 415 592 452 Paulus
606 415 677 450 fine
688 410 954 451 intermistione
968 417 1002 450 «Sc
1017 425 1119 450 orare
1135 417 1168 450 δι
1181 417 1314 468 gratias
1325 424 1457 466 agere:
1473 430 1538 454 vo-

242 460 248 468 ⁸
262 470 338 507 lens
356 467 488 505 scilicet
501 478 634 515 quanta
647 463 723 502 fieri
734 466 857 515 potest
879 462 1087 503 affiduitate
1097 491 1107 507 ‚
1120 467 1402 518 omnitempore
1414 494 1425 511 ,
1437 469 1542 507 omni

264 520 363 562 loco,
377 518 546 556 omnibus
558 520 594 554 in
605 517 712 554 rebus
724 529 764 554 ac
776 518 936 570 negotiis
949 517 1070 554 ereeta
1082 513 1152 555 esse
1164 517 1209 555 ad
1223 521 1346 557 Deum
1366 522 1542 559 omnium

264 584 349 612 vota
360 598 370 613 ‚
384 584 460 620 quae
473 575 506 607 δε
519 571 646 607 omnia
656 569 701 606 ab
715 581 760 605 eo
775 570 966 618 expectent
980 595 989 609 ‚
1005 573 1038 606 &
1055 571 1221 608 omnium
1236 574 1268 608 ei
1282 571 1426 609 laudem
1442 570 1544 609 refe*

264 637 355 665 rant,
371 623 469 660 ficuti
480 633 657 673 perpetua
668 619 833 657 laudandi
845 618 1046 670 orandique
1059 633 1275 671 argumenta
1297 625 1405 661 nobis
1419 621 1543 662 offert.

300 690 345 719 29
384 675 470 712 Haec
482 686 607 711 autem
620 671 750 709 orandi
761 668 1025 715 affiduitas,etfi
1038 673 1232 724 pracsertim
1246 678 1407 727 proprias
1418 688 1458 714 ac
1471 677 1545 726 pri·

266 740 367 765 uatas
381 725 550 776 cuiusque
563 725 705 775 respicit
717 751 726 767 ,
741 722 911 761 nonnihil
935 736 1058 762 tamen
1070 725 1114 761 ad
1135 725 1294 776 publicas
1317 740 1462 778 quoque
1475 730 1545 765 iic-—

264 779 379 817 clefiae
390 779 577 816 orationes
591 778 759 826 pertinet.
770 777 882 825 Atqui
895 787 961 813 nec
980 773 1123 814 affiduae
1134 771 1204 814 esse
1216 776 1360 827 poss'unt
1373 806 1382 822 ‚
1396 793 1462 817 nec
1475 780 1547 818 ali-

266 844 321 869 ter
334 834 445 869 etiam
460 828 538 867 fieri
549 829 686 867 debent
705 826 811 878 quarn
826 841 870 865 ex
884 828 1015 876 politia
1035 840 1112 878 qua:
1135 832 1280 867 comuni
1294 832 1390 869 inter
1408 845 1542 870 omnes

264 884 441 921 consensu
451 881 811 920 conuenerstfamor
821 878 918 917 sane.
932 879 1018 917 Ideo
1032 882 1130 917 enim
1142 885 1174 916 &
1188 893 1292 919 certa:
1305 881 1404 920 horae
1415 883 1547 921 condi-

266 948 397 973 cunrur
410 947 451 971 ac
463 934 715 985 praestitufitur‚
731 945 768 971 vt
779 931 876 984 apud
885 934 1006 969 Deum
1019 930 1337 976 indifferentes‚ita
1348 934 1541 974 hominum

265 988 378 1025 vfibus
392 981 685 1035 neceffariae,quo
697 984 740 1022 fit
750 985 880 1022 omniu
892 983 1148 1022 commoditati
1161 985 1404 1036 prospecta&
1415 989 1542 1026 omnia

96 1039 250 1078 ‘CM-¹4
271 1041 440 1077 decenter
451 1043 482 1076 &
494 1034 811 1087 compofite,iuxta
824 1036 923 1074 Pauli
937 1036 1205 1080 sententiam,in
1219 1038 1375 1076 Ecclefia
1386 1038 1544 1077 admini-

88 1098 179 1138 3²40

269 1091 509 1130 ssrenrur.Sed
523 1092 622 1128 enim
635 1088 727 1126 istud
741 1088 834 1126 nihil
845 1088 964 1126 obstat
981 1091 1177 1138 quominus
1191 1103 1410 1141 vnaquaeque
1420 1091 1544 1129 Eccle-

268 1145 316 1182 fia
329 1171 338 1186 ,
351 1140 434 1181 cuni
451 1142 598 1182 subinde
608 1141 650 1179 ad
661 1140 951 1191 frequentiorem
965 1143 1214 1190 precationum
1227 1143 1330 1180 vsum
1342 1144 1376 1180 se
1388 1145 1545 1182 extimu-

267 1197 344 1235 lare
356 1223 365 1239 ,
378 1208 454 1234 tum
468 1196 610 1232 maiore
625 1194 744 1242 aliqua
757 1190 967 1230 necessitate
987 1192 1178 1230 admonita
1197 1196 1337 1232 acriore
1348 1195 1465 1232 studio
1477 1196 1543 1232 fla-

267 1261 373 1301 grare
388 1248 531 1285 debeat.
544 1249 601 1284 De
613 1246 882 1295 perseuerantia
893 1257 1033 1287 autern,
1046 1258 1123 1294 quae
1133 1246 1290 1284 multam
1301 1259 1385 1284 cum
1395 1243 1545 1285 affidui-

269 1314 341 1339 tate
351 1297 568 1338 affinitatem
596 1297 706 1335 habet
717 1324 728 1340 ,
743 1300 811 1335 erit
823 1297 915 1334 circa
927 1295 1039 1334 finem
1053 1297 1192 1334 dicendi
1205 1296 1318 1335 locus.
1331 1297 1446 1336 Porro
1466 1297 1545 1336 haec

97 1359 200 1390 Matr.
211 1361 244 1388 6.
271 1352 358 1391 nibil
372 1353 415 1389 ad
427 1355 620 1398 βαπ-Ἰιληίυ
639 1376 649 1392 ‚
665 1362 736 1399 qua
758 1348 996 1387 interdictum
1016 1349 1121 1386 nobis
1142 1348 1301 1388 Christus
1324 1351 1452 1388 voluit.
1465 1364 1546 1389 non.

271 1407 366 1442 enirn
383 1404 439 1441 diu
453 1429 462 1445 ‚
478 1414 544 1438 nec
560 1401 650 1451 saepe
663 1427 673 1442 ‚
688 1414 754 1438 nec
765 1401 884 1438 multo
895 1414 976 1438 cum
990 1399 1124 1439 affectu
1136 1402 1292 1439 infistere
1304 1403 1466 1452 precibus
1482 1417 1544 1442 ve-

270 1456 398 1496 tat.sed
411 1469 455 1492 ne
469 1454 604 1503 aliquid
618 1452 637 1490 ὲ
649 1457 735 1490 Deo
759 1465 979 1502 extorquere
1001 1467 1068 1490 nos
1081 1452 1182 1503 poffe
1195 1453 1422 1492 confidamus
1437 1481 1446 1498 ,
1459 1467 1545 1509 gar-

268 1511 346 1546 rula
359 1509 579 1557 loquacitate
593 1508 670 1542 eius
682 1517 786 1542 aures
800 1504 1043 1546 obtundendo
1055 1531 1064 1546 ‚
1079 1507 1145 1543 acsi
1158 1505 1321 1543 humano
1344 1520 1448 1543 more
1459 1520 1544 1557 per-

268 1560 465 1600 suadendus
476 1558 587 1595 foret.
600 1560 734 1595 Scimus
748 1559 847 1596 enirn
861 1557 1068 1608 hypocritas
1084 1583 1093 1598 ‚
1106 1561 1189 1606 quia
1200 1571 1273 1595 non
1295 1570 1466 1609 reputant
1477 1558 1543 1596 fibi

269 1614 462 1666 negotium
477 1606 548 1648 effe
561 1623 641 1648 cum
654 1612 739 1647 Deo
755 1636 765 1652 ,
779 1623 852 1646 non
867 1611 965 1646 [ecus
978 1621 1131 1660 pompas
1141 1610 1218 1647 suas
1232 1612 1268 1647 in
1280 1610 1443 1660 precibus
1457 1622 1544 1663 age-

268 1678 308 1704 re
321 1665 427 1716 quam
440 1665 477 1700 in
491 1661 690 1713 triumpho.
707 1663 806 1699 Nam
821 1661 1010 1700 Pharisaeus
1022 1661 1083 1698 ille
1094 1663 1153 1712 qui
1163 1664 1295 1714 gratias
1309 1664 1393 1701 Deo
1409 1666 1544 1715 agebat

268 1717 371 1767 'qued
383 1730 456 1753 non
473 1711 560 1752 effer
572 1715 650 1752 aliis
661 1714 783 1751 limilis
796 1740 807 1757 ,
821 1714 886 1751 fibi
898 1713 995 1752 haud
1007 1711 1118 1752 dubie
1131 1713 1329 1764 plaudebat
1338 1717 1374 1751 in
1386 1714 1541 1752 hominii

269 1784 314 1807 oc
322 1771 386 1808 ulis
400 1796 408 1812 ,
423 1767 489 1805 acsi
502 1766 612 1805 vellet
626 1780 668 1803 ex
682 1768 896 1817 precatione
909 1779 1054 1816 captare
1067 1767 1264 1804 sanctitatis
1282 1765 1429 1804 famam.
1444 1767 1542 1804 Hinc

274 1827 455 1868 βωῆωηῑα
469 1820 529 1856 illa
540 1833 617 1866 quae
631 1818 739 1856 hodie
752 1819 855 1855 fimili
868 1818 913 1856 de
925 1818 1029 1855 causa
1040 1815 1213 1870 graffatur
1231 1821 1266 1856 in
1280 1821 1417 1869 Papatu
1431 1844 1440 1861 ‚
1454 1819 1542 1856 dum

268 1873 328 1909 alii
344 1873 503 1923 preculas
518 1871 662 1909 easdem
686 1869 854 1908 iterando
876 1883 1019 1921 tempus
1041 1871 1167 1907 frustra
1191 1883 1329 1914 terunt,
1344 1872 1404 1907 alii
1429 1870 1542 1922 longa

267 1924 462 1962 verborum
477 1926 649 1977 congerie
661 1924 757 1974 apud
771 1923 897 1974 vulgus
913 1924 947 1960 se
967 1922 1168 1959 venditant.
1184 1922 1315 1973 Qum
1329 1922 1403 1960 haec
1413 1935 1544 1973 garru-

266 1977 348 2013 litas
363 1977 549 2026 pueriliter
561 1975 689 2013 1lludat
700 1979 787 2013 Deo
801 2002 809 2017 ‚
824 1989 898 2013 non
912 1976 1099 2012 mirumest
1113 1977 1157 2011 ab
1173 1974 1329 2011 Ecclesia
1340 1975 1540 2025 prohiberi,

267 2029 400 2079 nequid
420 2029 495 2067 illic
511 2028 680 2077 personet
700 2028 759 2064 nifl
773 2027 903 2065 serium
919 2033 951 2067 ὃς
968 2026 1174 2077 profectum
1199 2040 1242 2064 ex
1255 2026 1365 2064 corde
1386 2029 1538 2064 intimo.

267 2082 367 2118 Huic
380 2081 595 2129 corruptulae
618 2082 731 2116 vicina
750 2082 800 2116 est
816 2084 848 2116 &
865 2080 986 2117 fimilis
1006 2080 1134 2121 altera,
1149 2091 1258 2128 quam
1271 2078 1536 2117 fimuldamnat

266 2132 426 2169 Christus
444 2132 563 2181 :quod
584 2129 714 2168 scilicet
736 2131 936 2182 hypocritae
958 2132 1209 2167 ostentationis
1232 2131 1335 2170 causa
1356 2143 1533 2169 venantur

263 2185 401 2221 multos
415 2185 533 2225 testes,
545 2197 584 2220 ac
597 2182 717 2220 forum
735 2181 854 2233 potius
868 2196 1048 2232 occupant
1062 2183 1105 2219 ad
1116 2182 1256 2220 orandi}
1268 2209 1278 2225 ,
1291 2181 1397 2230 quam
1410 2181 1536 2221 mundi

262 2235 372 2273 laude
385 2249 525 2273 careant
543 2236 704 2285 ipsorum
721 2249 854 2286 preces.
868 2235 1032 2286 Qando
1057 2234 1146 2272 vero
1159 2234 1254 2272 hunc
1274 2230 1345 2272 effe
1357 2236 1537 2273 orationis

266 2288 412 2339 scopum
425 2289 494 2325 iam
512 2285 607 2336 prius
636 2287 769 2325 dictum
781 2288 830 2324 est
845 2315 854 2329 ,
870 2302 905 2325 vt
918 2288 1030 2325 erecti
1042 2289 1076 2323 iu
1090 2289 1214 2325 Deum
1226 2290 1338 2325 animi
1359 2286 1537 2331 ferantur,

263 2353 341 2377 tum
354 2340 399 2376 ad
413 2338 672 2377 confeffionem
685 2337 800 2376 laudis
815 2365 824 2381 ,
837 2352 914 2377 tum
936 2340 980 2377 ad
993 2352 1102 2389 opem
1125 2338 1394 2390 implorandam
1410 2353 1475 2377 :ex
1492 2351 1540 2377 eo

260 2394 468 2444 intelligere
479 2393 564 2429 licet
576 2394 711 2442 primas
733 2394 806 2428 eius
822 2404 936 2440 partes
956 2395 991 2428 io
1005 2395 1150 2440 mete&
1166 2395 1290 2428 animo
1310 2392 1440 2442 politas
1453 2389 1538 2429 effe.

261 2445 317 2482 ve!
330 2442 453 2495 potius
468 2447 636 2483 oratione
648 2441 850 2496 ipsarn,ess‘e
862 2441 1008 2495 proprie
1019 2445 1206 2483 interioris
1219 2444 1333 2484 cordis
1346 2443 1537 2486 affectum,

1470 2496 1534 2548 qui
