1591 2775
187 11 257 53 3,ιό
547 19 1137 59 LIBRISECVNDI

187 96 275 122 rum
297 81 429 132 cuique
448 79 621 124 iudicium
635 84 707 126 effe
727 86 880 131 debeat,
896 86 946 126 ob
957 100 1066 138 quarn
1088 102 1164 126 non
1178 86 1220 126 fit
1240 85 1479 127 contentiose}

190 148 276 173 curn
297 134 526 176 dissentiente
548 139 802 192 pugnandum.
824 139 943 177 Nobis
957 139 1103 191 quidem
1125 139 1184 177 hic
1203 139 1303 178 locus
1315 138 1475 178 necessa-

188 185 250 225 ῐίὸ
260 188 495 240 attingendus
507 190 557 228 est
571 217 582 234 ‚
596 205 641 230 ne
653 205 763 242 quam
777 192 924 242 pofituri
940 193 1016 229 sum
1024 205 1061 229 us
1078 191 1292 231 diuisionem
1306 220 1316 237 ,
1328 205 1394 231 ceu
1407 207 1476 230 no-

187 251 278 277 uam
291 244 326 277 &
342 255 456 292 nuper
467 246 714 294 excogitatam
727 243 887 282 lectores
897 257 957 281 aut
970 243 1112 282 rideant
1125 257 1187 282 aut
1203 247 1476 283 mirentur.Le-

188 304 278 344 gem
294 289 366 330 effe
376 292 502 331 decern
517 296 632 332 verbis
642 295 861 339 distinC’cam,
874 298 956 346 quia
969 299 1042 333 Dei
1054 296 1158 343 ipfius
1172 296 1399 336 authoritate
1412 296 1476 334 sae-
1525 342 1528 344 q

190 345 271 394 pius
284 345 666 395 comprobatur,extra
680 349 969 386 controuerfiam
985 349 1046 385 est.
1059 349 1190 400 Qare
1203 362 1277 387 non
1291 347 1475 387 denume-

190 395 311 437 ro,sed
323 397 464 434 secandi
475 400 616 436 ratione
628 398 926 454 ambigitur.Qi
941 401 986 437 fic
998 403 1203 450 partiuntur
1213 413 1250 439 vt
1264 404 1331 439 tria
1346 414 1480 450 praece·

190 458 254 498 pta
272 447 358 487 dent
372 450 498 500 primae
517 449 653 487 tabulae
664 477 674 493 ‚
695 454 840 502 reliqua
865 453 1005 502 septem
1020 454 1056 489 in
1080 453 1273 491 secundam
1295 455 1483 496 reficiant,

193 512 415 550 praeceptum
427 500 473 538 de
486 501 707 554 imaginibus
730 517 887 541 numero
898 516 1112 557 expungunt
1127 532 1137 547 ‚
1151 505 1207 543 vel
1222 502 1318 543 certe
1332 505 1393 543 sub
1407 507 1482 555 pri-

196 564 262 590 mo
273 552 586 605 occultant:quum
601 553 765 592 mandati
777 555 864 593 loco
877 553 1094 594 hauddubie
1105 555 1124 594 ὲ
1136 559 1301 595 Domino
1314 552 1484 595 distincte

201 605 360 655 politum
374 604 618 643 &decimum
632 605 788 649 vero,de
800 620 874 644 non
888 608 1176 658 concupiscendis
1188 612 1346 660 proximi
1358 609 1484 653 rebus,

202 653 327 707 inepte
349 657 384 694 in
398 656 472 694 duo
490 670 731 707 concerpunt.
753 659 904 696 Accedit
925 658 1027 710 quod
1040 661 1153 698 talem
1173 661 1354 711 partiendi
1367 663 1480 699 ratio-

201 722 289 746 nem
302 710 447 760 puriore
460 709 578 746 seculo
589 711 814 762 incognitam
832 707 1038 754 fuiffe,mox
1051 711 1289 767 intelligetur.
1310 713 1384 752 Alii
1396 726 1486 764 qua-

201 774 289 800 tuor
309 763 428 806 capita
440 760 630 799 nobiscum
646 763 681 799 in
702 764 818 813 prima
831 762 952 801 tabula
965 776 1179 803 numerant:
1196 765 1255 803 sed
1264 767 1375 816 primi
1392 768 1487 809 vice,

201 810 483 864 promissionem
497 814 671 858 statuunt,
684 815 757 852 fine
769 826 962 866 praecepto,
983 816 1063 869 Ego
1077 829 1197 854 autem
1212 843 1222 859 ,
1236 820 1319 868 quia
1332 817 1393 854 nifi
1405 819 1487 856 eui-

201 864 305 902 denti
328 866 473 902 ratione
487 868 685 904 conuincar
697 894 708 911 ,
722 866 851 905 decem
877 867 984 904 verba
999 868 1093 919 apud
1119 869 1250 906 Mosen
1273 882 1341 920 pro
1355 869 1486 907 decem

200 919 387 969 praeceptis
399 918 591 969 accipim&
605 919 762 957 totidem
775 918 1024 970 pulcherrimo
1039 919 1167 958 ordine
1180 920 1348 972 disposita
1363 921 1488 959 videre

200 969 295 1008 mihi
307 968 433 1007 videor
446 984 454 1007 :
469 968 635 1021 permiffa
648 971 718 1009 illis
733 971 791 1010 sua
803 973 982 1023 opinione
995 999 1006 1015 ,
1020 970 1146 1023 sequar
1161 973 1260 1023 quod
1269 975 1384 1024 magis
1395 972 1488 1010 mihi

200 1021 379 1073 probatur
391 1048 401 1065 ‚
415 1035 550 1073 nempe
564 1036 601 1061 vt
612 1023 710 1073 quod
723 1022 778 1061 illi
790 1035 1011 1075 praeceptum
1025 1027 1185 1075 primum
1198 1024 1346 1068 faciunt,
1361 1025 1488 1062 locum

202 1071 427 1126 praefationis
449 1075 485 1110 in
499 1085 619 1112 totam
641 1075 761 1130 legem
778 1087 902 1113 teneat
914 1103 925 1119 ,
939 1076 1134 1128 sequantur
1155 1076 1288 1115 deinde
1308 1088 1491 1129 praecepta

201 1127 330 1179 primae
343 1138 515 1177 quatuor,
528 1126 690 1165 secundae
705 1127 836 1165 tabulae
848 1127 904 1165 sex
918 1155 929 1172 ‚
944 1141 989 1166 eo
1003 1141 1077 1178 quo
1089 1128 1377 1168 recensebuntur
1386 1128 1488 1167 ordi-

34 1171 186 1223 Orfgenes
202 1190 261 1216 ne.
290 1179 402 1216 Hanc
413 1177 628 1218 diuisionem
642 1182 826 1231 Origenes
840 1179 913 1217 sine
926 1181 1176 1218 controuerfia
1190 1207 1199 1223 ,
1215 1173 1365 1231 perinde
1377 1193 1493 1231 atque

30 1239 66 1260 ¹²⁷
80 1221 184 1262 Exod·
202 1228 332 1283 passim
346 1230 408 1268 suo
423 1229 544 1269 seculo
554 1230 1147 1283 receptam,tradidit.Suffragatur
1160 1237 1191 1269 δι’
1210 1234 1430 1284 Augustinus
1443 1231 1492 1271 ad

34 1276 114 1323 ΜΗ
203 1280 440 1322 Bonifacium
454 1310 464 1327 ,
477 1285 540 1333 qui
555 1285 591 1321 in
603 1290 886 1321 enumeratione
906 1283 1002 1321 hunc
1016 1284 1185 1320 ordinem
1209 1283 1325 1323 seruat
1340 1312 1350 1326 ‚
1368 1287 1416 1322 Vt
1430 1287 1490 1323 vni

205 1339 292 1374 Deo
304 1333 495 1387 religionis
508 1335 688 1387 obsequio
701 1336 871 1373 seruiatur
883 1361 895 1377 ‚
906 1348 944 1373 vt
957 1334 1101 1373 idolum
1116 1349 1192 1373 non
1203 1337 1360 1378 colatur,
1372 1349 1410 1374 vt
1421 1350 1491 1374 no-

204 1401 292 1426 men
314 1389 467 1425 Domini
491 1402 567 1426 non
585 1390 623 1425 in
640 1401 773 1426 vanum
793 1388 1138 1438 accipiatur,quum
1161 1384 1246 1426 ante
1268 1388 1425 1426 seorsum
1441 1388 1490 1426 de

32 1434 132 1470 Libro
144 1437 181 1472 2(
206 1438 391 1478 vmbratili
403 1439 576 1478 Sabbathi
591 1453 776 1492 praecepto
788 1439 964 1489 loquutus
976 1437 1195 1477 foret.Alibi
1208 1439 1359 1491 quidem
1375 1442 1495 1491 prima

32 1490 187 1536 quaest-Ve
205 1493 268 1531 illa
281 1492 412 1529 diuifio
424 1491 477 1529 illi
487 1491 637 1534 arridet,
652 1490 711 1529 sed
723 1491 773 1529 ob
785 1493 939 1529 nimium
956 1491 1080 1529 leuem
1096 1493 1250 1536 causam,
1264 1490 1363 1543 quod
1376 1494 1412 1529 in
1425 1505 1494 1530 nu-

34 1542 144 1590 tuest.
205 1558 311 1584 mero
324 1545 484 1582 ternario
498 1544 539 1594 (fi
551 1544 665 1583 tribus
678 1545 867 1596 praeceptis
883 1542 1098 1582 conficiatur
1108 1545 1224 1593 prima
1235 1543 1497 1597 tabula)magis

203 1598 352 1636 eluceat
368 1598 583 1648 mysterium
597 1597 800 1636 Trinitatis.
823 1596 1054 1648 Qanquam
1075 1608 1144 1632 nec
1157 1595 1232 1632 illic
1242 1594 1439 1633 diffimulat
1454 1603 1496 1634 in

206 1651 343 1688 caeteris
357 1650 512 1686 nostram
524 1649 589 1686 fibi
602 1651 716 1701 magis
731 1648 886 1699 placere.
911 1647 1117 1686 Nobiscum
1130 1661 1261 1698 praeter
1273 1647 1361 1685 illos
1371 1649 1419 1685 est
1432 1661 1494 1685 au-

207 1703 295 1741 thor
305 1703 425 1752 operis
437 1699 645 1751 imperfecti
658 1707 693 1737 in
707 1699 943 1738 Matthaeum.
964 1699 1230 1750 Iosephusmon
1241 1699 1391 1737 dubium
1405 1701 1496 1749 quin

208 1768 254 1792 ex
270 1756 461 1792 communi
475 1755 588 1791 aetatis
599 1754 668 1791 fuae
681 1753 876 1796 consensu,
886 1753 996 1802 quina
1008 1764 1186 1803 praecepta
1199 1751 1347 1804 lingulis
1359 1751 1495 1789 tabulis

209 1804 377 1861 assignat.
403 1806 524 1858 (Qod
543 1803 624 1843 curn
639 1807 773 1843 rationi
786 1803 995 1842 aduersatur
1013 1806 1056 1840 ¹in
1072 1817 1120 1840 eo
1133 1801 1230 1852 quod
1255 1803 1447 1855 religionis
1459 1809 1494 1841 δε

209 1859 395 1897 charitatis
406 1859 674 1895 distinctionem
691 1854 895 1895 confundit:
912 1869 989 1894 tum
1004 1854 1183 1893 refutatur
1194 1857 1344 1892 Domini
1358 1855 1494 1892 autho-

32 1913 166 1953 mann.
210 1915 331 1953 ritate,
344 1915 405 1960 qui
418 1910 515 1961 apud
528 1910 747 1947 Matthaeum
760 1911 797 1945 in
811 1908 991 1962 catalogo
1007 1905 1169 1945 secundae
1184 1906 1328 1947 tabulae,
1343 1907 1499 1944 manda-

35 1979 159 2012 ¹9-c.19
210 1976 290 2002 tum
302 1963 348 2000 de
365 1962 573 2011 parentibus
595 1961 820 1999 honorandis
833 1965 993 2012 reponit.
1013 1962 1123 1998 Nunc
1145 1960 1272 1997 Deum
1296 1958 1416 2011 ipsum
1433 1973 1498 1998 auff-

207 2016 352 2058 diamus
364 2015 584 2070 loquentem
598 2014 666 2053 suis
681 2013 815 2052 verbis.

1340 2075 1359 2100 1²
1381 2077 1409 2103 R
1420 2076 1444 2102 A
1456 2078 1504 2101 E-
