1591 2775
46 1082 187 1133 Ephess.

44 1147 107 1184 “¹5

49 1334 208 1378 Prou.30.

50 1396 109 1430 ⁶24

193 17 262 66 ‘29⁸
539 25 1144 64 L1BR18ECVND1

194 96 344 124 mentus
361 85 412 124 est
423 111 433 129 ‚
446 86 595 136 quando
608 100 654 124 ex
668 86 835 141 doctrina
846 89 967 126 nostra
983 89 1061 127 iure
1075 89 1243 128 fraternae
1254 89 1485 129 coniunstioss

197 140 254 175 nis
270 150 337 175 nos
347 139 469 176 secum
481 141 553 176 Dei
567 137 664 177 filios
677 141 838 178 Christus
851 139 1042 191 fecit?quia
1057 144 1094 179 in
1106 154 1214 180 carne
1228 155 1335 193 quam
1350 139 1487 180 :mobis

199 187 460 241 sumpfit‚ipse
485 193 695 242 vnigenitus
719 193 768 229 est
787 195 860 230 Dei
883 190 992 231 filius.
1013 197 1067 230 Ac
1089 191 1288 244 prudenter
1309 194 1487 232 admonet

200 243 424 294 Augustinus
437 268 448 285 ,
463 244 563 281 mirae
583 248 616 281 &
630 243 815 297 singularis
830 248 900 282 Dei
912 245 1186 298 gratiaeillustte
1199 242 1269 283 effe
1284 246 1489 297 speculum,

201 292 301 346 quod
322 292 502 332 honorem
519 296 673 344 adeptus
698 297 748 332 est
763 323 773 338 ‚
793 309 975 346 quatenus
1000 299 1048 335 est
1069 297 1186 335 homo
1199 325 1208 339 ,
1224 311 1336 349 quem
1356 298 1489 335 mereti

203 361 279 385 non
301 358 461 397 poterat.
487 348 572 384 Hac
593 349 706 400 igitur
727 351 926 398 praestantia
941 351 1054 387 etiam
1076 348 1273 387 secunddm
1286 362 1429 388 carnem
1441 348 1490 386 ab

202 411 311 438 vtero
321 411 468 437 ornatus
483 398 551 435 fuit
568 400 726 436 Christus
740 425 750 442 ,
763 412 801 437 vt
821 402 928 439 Filius
941 404 1014 439 Dei
1035 398 1138 440 esset.
1162 405 1298 453 Neque
1319 402 1492 439 tamenin

204 451 368 503 personae
378 454 512 488 vnitate
524 449 667 503 fingeda
680 454 730 489 est
752 455 949 501 permixtio
963 468 1043 504 quae
1056 454 1181 492 deitati
1194 453 1294 505 quod
1305 454 1492 505 proprium

208 504 259 541 est
273 503 477 541 tollatNec
490 501 575 540 veto
589 505 700 558 magis
713 503 907 542 absurdum
920 506 1162 548 est,aeternum
1174 509 1243 544 Dei
1257 510 1490 547 Sermonem,

212 560 248 594 &
265 555 447 592 Christum
463 582 472 595 ,
487 554 596 592 vnitis
611 558 646 592 in
659 568 763 592 vnam
778 557 971 606 personam
989 558 1126 596 duabus
1139 561 1288 599 naturis.
1304 560 1424 595 vocari
1439 557 1496 593 di-

213 608 321 646 uerfis
333 606 452 644 modis
468 609 535 644 Dei
556 607 684 645 Filium
697 634 707 650 ‚
721 606 829 655 quam
852 606 1048 647 secundum
1065 613 1180 649 varios
1195 609 1376 661 respec³ms
1397 620 1496 648 nunc

213 661 342 698 Filium
365 661 458 700 Dei,
473 672 566 696 nunc
584 659 711 696 Filium
732 659 892 697 hominis
912 660 995 699 dici.
1019 661 1148 707 Nihilo
1164 665 1275 700 etiam
1298 664 1412 715 magis
1428 673 1496 698 nos

214 724 346 765 grauat
368 710 438 749 alia
451 714 587 749 Serueti
609 712 789 749 calumnia
805 739 814 755 ‚
828 724 1022 762 antequam
1037 718 1200 764 apparuit
1223 717 1258 751 in
1272 727 1381 751 carne
1393 713 1497 750 Chri-

215 767 288 803 stus
299 791 309 807 ‚
323 763 495 812 nusquam
508 765 627 800 vocari
647 766 719 801 Dei
731 764 859 802 Filium
873 765 939 801 nifi
953 764 1017 802 sub
1031 764 1145 816 figura
1166 769 1276 814 :quia
1288 766 1350 803 etfi
1363 766 1499 803 obscu-

216 819 295 855 rior
306 814 375 853 fuit
385 827 470 853 tunc
480 816 554 853 eius
568 815 891 866 descriptio,quurn
902 829 1027 854 tamen
1039 818 1110 855 iam
1125 816 1218 855 clare
1232 817 1428 865 probatum
1440 817 1498 860 fit,

217 883 292 907 non
308 867 413 905 aliter
425 880 604 905 aeternum
626 866 732 906 fuisse
741 871 866 906 Deum
881 895 890 912 ,
907 869 971 906 nifi
982 873 1068 920 quia
1087 873 1213 908 Sermo
1228 869 1351 920 fqitab
1361 881 1500 907 aeterno

219 924 326 959 Patre
339 921 485 975 genitus
499 948 509 962 ‚
521 933 640 971 neque
653 922 760 959 aliter
771 934 909 959 nomen
925 920 995 958 hoc
1006 934 1220 973 competere
1232 923 1267 959 in
1281 921 1501 960 Mediatoxis

219 972 412 1025 personam
425 985 535 1023 quam
548 973 711 1022 suscepit,
724 973 785 1011 nifi
799 976 883 1024 quia
894 976 998 1011 Deus
1010 976 1059 1012 est
1072 977 1106 1011 in
1119 987 1227 1012 carne
1240 972 1502 1012 manifestatus:

218 1037 338 1075 neque
351 1028 472 1064 Deum
488 1028 634 1062 Patrem
647 1028 698 1064 ita
708 1023 814 1064 fuiffe
827 1038 1001 1064 vocatum
1016 1026 1062 1064 ab
1074 1029 1201 1070 initio,
1212 1027 1275 1064 rufi
1290 1039 1417 1064 mutua
1427 1027 1503 1063 iam

219 1091 308 1117 tunc
319 1071 442 1125 {uisset
464 1077 512 1118 ad.
528 1077 657 1115 Filium
669 1079 803 1116 relatio
821 1105 831 1122 ‚
843 1091 908 1130 per
919 1091 1030 1127 quem
1043 1081 1161 1116 omnis
1182 1077 1506 1131 cognatiovelpao

221 1132 374 1170 ternitas
388 1129 551 1168 censetur
563 1131 598 1166 in
613 1130 703 1168 caelo
720 1135 755 1168 ὅτ
769 1133 805 1168 in
821 1131 1014 1168 terra2hinc
1025 1132 1200 1183 colligere
1211 1142 1422 1182 promptu-m
1437 1130 1504 1173 est,

222 1184 286 1222 sub
299 1185 397 1233 Lege
409 1195 557 1234 quoque
569 1186 601 1219 &
621 1182 814 1233 Prophetis
827 1179 934 1220 fuisse
946 1186 1015 1220 Dei
1031 1184 1161 1221 Filium
1177 1212 1187 1228 ,
1199 1195 1391 1233 antequam
1406 1181 1506 1219 cele-

222 1236 288 1274 bre
300 1233 390 1274 esset
409 1235 480 1273 hoc
491 1248 629 1273 nomen
643 1236 679 1272 in
703 1235 868 1272 Ecclefia.
891 1233 1013 1286 Qod
1025 1235 1049 1272 fi
1060 1235 1104 1273 de
1126 1236 1202 1273 sola
1223 1248 1316 1272 voce
1330 1245 1504 1276 certetur,

224 1287 378 1327 Solomo
392 1287 437 1325 de
459 1287 635 1325 immensa
654 1289 728 1325 Dei
747 1286 938 1325 altitudine
959 1283 1130 1325 differens
1149 1315 1159 1331 ,
1172 1299 1245 1325 tarn
1268 1287 1395 1325 Filium
1414 1288 1506 1328 eius,

224 1339 334 1391 quam
344 1339 459 1392 ipsum
471 1338 882 1390 incomprehenfibilem
894 1337 1060 1377 affirmat:
1070 1342 1139 1378 Dic
1152 1352 1288 1377 nomen
1304 1338 1423 1380 eius‚fi
1437 1352 1506 1388 po-

224 1406 292 1437 teS,
303 1395 434 1445 inquit,
447 1405 507 1429 aut
519 1394 602 1431 Filii
614 1394 703 1430 eius.
728 1393 811 1430 Nec
820 1405 880 1429 me
893 1392 983 1429 latet
995 1392 1088 1443 apud
1099 1389 1347 1430 contentiosos
1360 1404 1433 1428 non
1447 1387 1509 1428 fo-

225 1460 265 1484 re
279 1445 357 1485 satis
379 1443 552 1494 ponderis
564 1447 600 1482 in
616 1443 686 1481 hoc
710 1445 946 1482 testimonio:
961 1457 1079 1494 neque
1094 1446 1203 1482 etiam
1217 1457 1263 1481 eo
1278 1442 1381 1481 valde
1394 1445 1508 1486 nitor,

225 1498 289 1536 nifi
301 1495 401 1546 quod
419 1496 579 1548 maligne
601 1510 666 1534 eos
685 1496 846 1534 cauillari
868 1495 1028 1534 ostendit
1049 1498 1110 1546 qui
1130 1495 1261 1534 Filium
1276 1497 1348 1532 Dei
1368 1505 1508 1547 negant

224 1547 297 1593 effe
309 1550 505 1592 Christum,
518 1549 582 1589 nili
595 1561 769 1599 quatenus
784 1547 899 1586 homo
911 1546 1028 1586 factus
1042 1551 1102 1586 est.
1129 1547 1236 1585 Adde
1249 1546 1510 1597 quodvnoore

228 1607 264 1641 εἰ
280 1602 454 1640 consensu
475 1599 701 1640 vetustiffimi
724 1603 859 1651 quique
884 1600 1073 1650 scriptores
1089 1599 1159 1638 hoc
1179 1600 1279 1637 idem
1297 1612 1370 1638 tam
1383 1596 1510 1649 apertt':

227 1656 346 1694 testati
360 1656 494 1696 sunt,vt
508 1668 582 1691 non
594 1657 713 1691 minus
724 1652 872 1690 ridicula
886 1652 996 1703 quam
1011 1653 1227 1691 detestabilis
1243 1653 1285 1690 fit
1300 1664 1427 1689 eorum
1440 1652 1511 1687 im-

225 1708 401 1760 pudentia
426 1708 488 1756 qui
508 1710 682 1744 Irenaeum
707 1710 740 1744 δε
767 1705 1038 1743 Tertullianum
1054 1705 1218 1742 obiicere
1232 1705 1338 1742 nobis
1357 1702 1511 1745 audent,

227 1772 385 1811 quorum
402 1771 551 1810 vterque
563 1758 782 1797 inuifibilem
792 1756 926 1797 fatetur
940 1754 1043 1795 fuisse
1054 1761 1126 1797 Dei
1138 1757 1270 1796 Filium
1285 1783 1295 1801 ,
1308 1757 1372 1808 qui
1383 1756 1512 1806 postea

229 1813 378 1850 vifibilis
393 1814 574 1861 apparuit.

284 1870 302 1903 8
359 1864 429 1902 Etfi
440 1876 561 1902 autem
575 1863 756 1902 horrenda
778 1876 949 1914 portenta
961 1862 1165 1901 cumulauit
1180 1865 1349 1900 Seruetus
1362 1888 1372 1903 ,
1383 1860 1513 1912 quibus

233 1913 331 1956 forte
353 1917 413 1956 alii
437 1929 513 1953 non
528 1916 802 1955 subscriberent:
817 1918 1025 1967 quicunque
1046 1929 1170 1953 tamen
1193 1913 1320 1952 Filium
1345 1916 1416 1951 Dei
1438 1928 1516 1951 non

234 1969 437 2021 agnoscunt
452 1969 516 2007 nifi
530 1969 565 2004 in
580 1981 687 2006 carne
702 1996 711 2012 ‚
725 1969 750 2006 fi
773 1966 919 2020 propius
933 1969 1039 2005 instes
1050 1995 1059 2011 ,
1071 1967 1117 2005 ab
1136 1967 1204 2004 illis
1218 1965 1253 2004 id
1266 1966 1416 2003 concedi
1435 1969 1518 2003 ani-

234 2021 459 2063 maduertes,
472 2034 545 2058 non
561 2020 632 2058 alia
645 2022 787 2059 ratione
807 2021 870 2058 nifi
884 2022 969 2070 quia
982 2031 1176 2069 conceptus
1191 2019 1241 2056 est
1264 2021 1300 2055 in
1316 2030 1420 2056 vtero
1438 2021 1516 2057 Vita-

236 2075 331 2127 ginis
345 2087 386 2111 ex
401 2075 538 2122 Spiritu
551 2073 674 2110 saneto
691 2087 698 2110 :
715 2073 865 2123 qualiter
878 2072 966 2110 olim
983 2083 1107 2124 nugati
1122 2070 1203 2108 sunt
1217 2070 1409 2108 Manichaei
1424 2097 1433 2114 ‚
1446 2070 1518 2107 ho.-

238 2130 373 2165 minem
389 2138 431 2162 ex
445 2124 592 2162 traduce
606 2128 679 2162 Diei
694 2130 854 2162 animam
868 2123 1001 2161 habere
1016 2138 1023 2156 :
1037 2126 1126 2172 quia
1138 2123 1306 2175 legebant
1321 2125 1442 2160 Deum
1462 2125 1521 2160 in—

175 2209 183 2218 .
236 2175 377 2230 spiraffe
390 2176 476 2214 Adae
490 2179 569 2214 vitae
583 2177 905 2228 spiraculumNam
921 2178 970 2213 ita
983 2175 1162 2213 mordicus
1174 2176 1348 2225 arripiunt
1359 2175 1437 2212 Filii
1449 2188 1521 2219 no,—

235 2245 334 2273 men,
349 2243 384 2267 vt
396 2229 496 2267 nulla
510 2231 607 2266 inter
622 2241 766 2266 naturas
782 2228 970 2264 discrimen
985 2227 1267 2276 relinquantzsed
1279 2223 1426 2264 confuse
1440 2226 1522 2264 bla-

237 2296 357 2323 terent
371 2281 552 2320 Christum
567 2281 758 2318 hominem
773 2277 845 2318 effe
858 2282 928 2316 Dei
941 2279 1089 2319 Filium,
1104 2281 1186 2329 quia
1202 2276 1394 2319 secundum
1409 2279 1522 2317 huma

238 2349 320 2373 nam
333 2346 492 2372 naturam
510 2346 550 2371 ex
566 2337 652 2371 Deo
666 2336 810 2386 genitus
826 2333 886 2368 est·
912 2335 967 2368 Sic
982 2344 1117 2368 aeterna
1134 2333 1328 2382 Sapientiae
1341 2334 1525 2381 genitura,

239 2401 350 2440 quam
362 2384 531 2437 praedicat
545 2386 711 2427 Solonio,
726 2385 896 2423 aboletur
913 2410 922 2426 ,
937 2388 970 2421 &
988 2383 1088 2421 nulla
1106 2383 1257 2421 liabetur
1270 2383 1415 2421 deitatis
1428 2386 1522 2420 ratio

239 2445 275 2478 iu
291 2439 498 2479 Mediatore
514 2453 523 2476 z
540 2439 598 2476 vel
609 2441 643 2476 in
656 2435 814 2476 hominis
827 2437 948 2474 locum
972 2436 1160 2488 spectrum
1172 2435 1397 2487 supponitur.
1419 2433 1524 2472 Cras-

1419 2487 1533 2525 fiores
