1591 2775
251 18 317 59 ω’
620 22 829 63 LIBR!
881 25 1178 76 QVART1

253 103 301 128 eo
313 87 390 140 ipso
409 87 508 141 quod
519 88 597 130 sunt
607 91 830 132 infirmitatis
850 94 1070 134 adminicula
1084 121 1095 138 .
1109 93 1128 134 ἆ
1140 94 1288 135 rudibus
1308 95 1533 147 &imper-fe-

253 143 319 180 &is
337 155 410 179 non
424 142 496 180 fine
509 143 670 182 vtilitate
682 144 908 196 vsurpantur.
931 147 1088 185 Proinde
1101 160 1178 199 quae
1186 147 1232 185 ad
1244 160 1351 186 vnum
1364 161 1408 186 ex
1421 148 1474 187 his
1485 148 1534 187 fi-

252 194 364 232 nibus
376 195 570 246 respiciunt
586 209 672 234 vota
683 223 693 237 ,
708 199 899 247 praesertim
912 201 947 236 in
970 199 1080 237 rebus
1092 201 1249 238 externis
1261 227 1270 243 ,
1283 199 1444 251 legitima
1460 198 1532 239 effe

254 246 416 284 dicemus
430 272 440 288 ‚
454 245 478 284 fi
492 248 606 285 modo
619 252 654 285 ὅτ
675 251 749 286 Dei
761 250 1028 301 approbatione
1041 252 1107 289 fint
1119 245 1263 290 suffulta
1275 279 1285 294 ,
1299 257 1332 291 δι
1348 253 1530 293 vocation'

253 299 383 335 nossrae
394 302 613 338 conueniant
623 328 633 344 ,
649 305 682 338 8<
694 301 741 339 ad
752 301 965 342 facultatem
976 306 1104 357 gratiae
1116 302 1222 342 nobis
1233 302 1252 343 ὲ
1263 307 1350 344 Deo
1363 303 1455 342 datae
1466 304 1534 343 fint
1576 351 1579 353 ¹

253 348 425 388 limitata.

307 411 330 439 6
373 405 447 440 Iam
462 416 526 441 nec
537 400 684 442 difficile
696 405 744 442 est
756 404 935 456 colligere
945 405 1034 456 quid
1046 406 1090 445 de
1101 407 1196 446 votis
1209 409 1242 444 in
1255 405 1458 446 vniuersum
1471 406 1533 445 sen

254 453 422 493 tiendum
435 455 489 493 fit.
505 460 622 495 Vnum
638 457 686 493 est
702 469 828 494 votum
840 456 1002 496 fidelium
1016 472 1186 497 omnium
1202 472 1401 498 commune
1413 486 1424 503 ,
1436 457 1535 510 quod

252 507 290 544 in
305 508 490 558 Baptismo
503 521 747 558 nuncupatum
762 536 771 552 ,
785 508 1019 547 Catechismo
1032 523 1074 554 ac
1091 514 1215 550 Coenae
1227 511 1433 562 sumptione
1445 525 1534 549 con-

252 556 455 599 firmamus,
470 565 501 596 δε
516 560 607 610 quali
623 561 806 598 sancimus.
819 563 897 599 sunt
911 563 1010 600 enim
1025 562 1247 602 sacramenta
1260 575 1432 614 tanquam
1451 565 1536 615 syn·
1589 583 1591 592 ι

249 610 400 664 graphae
413 639 421 653 ,
435 610 564 662 quibus
577 613 759 649 Dominus
777 612 1060 651 misericordiam
1071 615 1178 652 nobis
1201 614 1300 653 suam
1313 627 1424 665 atque
1436 629 1477 653 cx
1491 626 1537 653 ea

248 664 363 710 vitam
377 676 545 701 aeternam
559 663 700 701 defert:
715 678 781 702 nos
793 663 938 703 vicissim
963 664 1017 703 illi
1030 665 1279 706 obedientiam
1303 668 1534 717 pollicemur.

253 714 344 752 Haec
357 728 480 752 tamen
493 714 578 764 voti'
592 714 754 754 formula
769 717 825 754 vel
848 715 946 755 certe
958 719 1094 756 summa
1106 745 1116 760 ,
1129 717 1230 767 quod
1245 721 1382 758 satanae
1404 732 1537 758 renun-

251 769 396 809 tiantes,
415 769 498 804 Deo
513 780 579 805 nos
592 770 627 805 in
640 767 853 807 seruitutem
866 769 1063 807 addicimus
1074 797 1084 812 ,
1100 783 1136 808 vt
1149 769 1278 809 sanctis
1293 774 1369 808 eius
1383 770 1535 809 manda-

252 822 299 856 tis
311 818 529 856 obediamus
542 846 552 863 ,
567 834 642 858 non
653 833 776 858 autem
794 820 1038 871 obsequamur
1050 824 1168 872 prauis
1180 824 1292 860 carnis
1306 825 1433 861 nostrae
1448 822 1538 860 desi-

250 869 372 907 deriis.
397 871 482 908 Hoc
494 885 623 910 votum
638 885 749 922 quum
761 874 781 910 ὲ
798 875 977 923 Scriptura
989 874 1240 912 testimonium
1253 873 1389 912 babeat
1402 901 1413 918 ‚
1426 873 1504 912 imo
1516 872 1538 912 ὲ.

249 920 334 960 filiis
347 923 420 959 Dei
433 925 603 963 omnibus
621 926 787 976 exigatur
798 951 808 969 ,
822 928 907 976 quin
922 925 1081 964 sanetum
1096 926 1138 964 fit
1164 931 1198 965 &
1212 925 1365 965 salutare
1380 926 1537 964 dubitari

249 988 325 1012 non
337 974 459 1013 debet.
480 977 560 1013 Nec
572 976 692 1015 obstat
704 975 805 1027 quod
816 976 1122 1030 perfectam—legis
1136 977 1385 1016 obedientiam
1400 1005 1410 1022 ‚
1423 991 1537 1029 quam

250 1029 365 1081 exigit
382 1030 482 1066 Deus
497 1026 647 1072 anobis,
660 1042 771 1067 nemo
784 1030 819 1067 in
833 1029 900 1068 hac
909 1031 982 1068 vita
994 1032 1147 1080 praestat.
1170 1029 1337 1082 Qando
1351 1032 1448 1068 enim
1461 1029 1538 1068 haec

248 1080 437 1130 stipulatio
448 1081 484 1117 in
499 1078 639 1119 foedere
649 1083 773 1133 gratiae
786 1082 835 1119 est
844 1081 979 1120 inclusa
992 1108 1002 1124 ‚
1017 1082 1078 1120 sub
1093 1096 1165 1132 quo
1179 1087 1214 1120 δι
1238 1080 1399 1120 remiffio
1412 1094 1538 1132 pecca-

251 1144 374 1170 torum
389 1158 397 1173 ,
413 1136 447 1169 δε
463 1134 615 1182 Spiritus
638 1132 930 1172 sanctificationis
947 1136 1181 1173 continetur:
1195 1134 1415 1185 pollicitatio
1428 1146 1539 1183 quam

249 1183 327 1222 illic
338 1183 490 1221 facimus
504 1211 513 1226 ,
530 1189 563 1223 &
576 1199 659 1223 cum
681 1188 794 1223 veniae
807 1185 1064 1237 deprecatione
1086 1189 1122 1223 «Sc
1133 1199 1215 1225 cum
1235 1185 1360 1224 auxilii
1375 1185 1539 1236 postula-

249 1238 351 1273 tione
364 1237 556 1274 coniunCta
567 1239 630 1275 est.
653 1241 693 1274 In
704 1238 903 1275 iudicandis
926 1238 1204 1287 particularibus
1229 1239 1322 1275 votis
1347 1250 1419 1275 tres
1432 1237 1540 1288 supe·

250 1291 365 1326 riores
377 1288 518 1339 regulas
531 1291 710 1327 memoria
722 1301 846 1327 tenere
861 1287 1003 1327 neceffe
1017 1289 1180 1328 esszvnde
1191 1287 1275 1328 tuto
1288 1287 1540 1340 licebit,quale

249 1340 295 1379 fit
307 1340 555 1391 vnumquodq;
568 1353 708 1382 votum,
721 1343 908 1380 aestimare.
921 1344 1055 1392 Neque
1068 1354 1190 1380 tamen
1203 1354 1246 1380 ea
1258 1341 1332 1392 ipsa
1348 1354 1444 1381 vota,
1458 1353 1539 1392 qua:

249 1392 373 1431 saneta
386 1390 456 1431 effe
467 1391 643 1435 affermfic
654 1392 914 1431 commendare
923 1407 985 1432 me
998 1406 1159 1444 puteS.vt
1170 1394 1378 1443 quotidiana
1389 1391 1463 1432 effe
1476 1407 1539 1432 ve-

250 1444 332 1482 lim.
353 1446 452 1483 Nam
469 1445 532 1483 etfi
545 1446 634 1483 nihil
646 1447 838 1496 praecipere
853 1445 898 1483 de
911 1459 1069 1484 nurnero
1082 1457 1146 1482 aut
1157 1457 1329 1496 tempore
1340 1446 1457 1484 audeo
1471 1460 1480 1484 :
1492 1445 1542 1482 fi-

251 1499 332 1546 quis
343 1510 469 1535 tamen
483 1498 634 1534 confilio
647 1511 735 1536 meo
746 1497 992 1548 obtemperet,
1009 1497 1150 1534 nonnisi
1164 1495 1284 1535 sobria
1297 1501 1331 1534 &
1348 1508 1539 1550 tempora-

252 1551 308 1587 ria
323 1549 502 1600 suscipiet.
524 1551 665 1587 Sienim
686 1550 731 1588 ad
744 1549 861 1587 multa
882 1561 970 1586 vota
986 1548 1228 1599 nuncupanda
1247 1547 1393 1588 subinde
1416 1562 1543 1588 erum-

253 1615 330 1653 pas,
345 1614 423 1639 tota
434 1601 566 1653 religio
577 1600 653 1652 ipsa
663 1600 869 1640 affiduitate
884 1600 1040 1643 vilescet,
1058 1605 1090 1638 Sc
1106 1600 1274 1651 procliuis
1286 1603 1354 1639 erit
1366 1604 1401 1638 in
1416 1602 1540 1653 supet-

253 1654 442 1691 stitionem
455 1653 582 1705 lapsus.
606 1657 640 1692 Si
654 1666 834 1705 perpetuo
845 1666 935 1691 voto
952 1665 990 1691 te
1001 1653 1201 1704 obstringas
1215 1680 1225 1695 ,
1239 1665 1304 1692 aut
1313 1666 1445 1707 magna
1454 1667 1540 1691 mo-

253 1705 361 1744 lestia'
374 1705 557 1756 taedioque
571 1706 690 1745 solues
701 1733 711 1751 ,
725 1719 788 1745 aut
800 1707 912 1745 etiam
927 1705 1166 1744 diuturnitate
1184 1703 1360 1759 fatigatus
1374 1733 1383 1750 ,
1398 1705 1538 1745 violare

250 1758 450 1808 aliquando
463 1758 628 1796 audebis.

302 1822 326 1853 7
379 1814 452 1849 Iam
465 1823 531 1848 nec
547 1810 738 1848 obscurum
751 1810 954 1861 est‚quanta
967 1809 1221 1862 superstitione
1243 1811 1279 1848 in
1290 1809 1357 1846 hac
1370 1820 1472 1860 parte
1484 1806 1536 1846 la·-

249 1861 445 1902 borauerit
456 1862 611 1900 mundus
625 1863 770 1913 aliquot
783 1864 921 1902 seculis.
942 1863 1044 1902 Alius
1058 1862 1092 1900 se
1102 1862 1315 1901 abstemium
1329 1859 1411 1899 fore
1424 1872 1538 1898 voue·

250 1914 445 1965 bat:quasi
463 1917 539 1952 vini
561 1914 780 1953 abstinentia
804 1917 924 1954 cultus
944 1913 1030 1954 esset
1042 1928 1105 1966 per
1126 1914 1158 1952 se
1171 1917 1256 1952 Deo
1269 1926 1417 1966 gratus.
1432 1912 1535 1950 Alius

252 1968 405 2010 ieiunio,
418 1967 506 2005 alius
519 1969 635 2004 carnis
646 1967 872 2006 abstinentiae
883 1967 918 2006 se
931 1967 1154 2021 astringebat
1165 1965 1209 2003 ad
1220 1979 1336 2002 certos
1353 1966 1442 2007 dies,
1455 1965 1539 2016 qui-

253 2017 321 2056 bus
344 2020 562 2072 singularem
584 2020 740 2068 aliquam
763 2033 833 2069 prae
852 2022 929 2058 aliis
962 2020 1176 2075 religionem
1200 2014 1339 2055 subeffe
1363 2017 1425 2054 fibi
1446 2027 1537 2054 vana

255 2073 433 2122 opinione
447 2070 611 2113 finxerat.
635 2072 818 2124 Qaedam
834 2075 943 2110 etiam
966 2067 1077 2123 longe
1093 2072 1206 2122 magis
1231 2070 1383 2120 puerilia
1399 2082 1541 2107 nuncu·

256 2123 459 2173 pabantur:
476 2123 539 2161 etfi
553 2137 628 2161 non
644 2122 663 2161 21
677 2127 809 2174 pueris.
829 2127 907 2163 Fuit
920 2126 1015 2162 enim
1040 2124 1110 2162 hoc
1123 2136 1187 2173 pro
1211 2136 1345 2176 magna
1366 2122 1540 2171 sapientia

256 2175 423 2213 habitum
439 2202 448 2218 ‚
461 2181 605 2212 votiuas
618 2178 931 2230 peregrinationes
952 2175 997 2214 ad
1008 2174 1180 2213 sanctiora
1193 2174 1271 2210 loca
1283 2173 1457 2225 suscipere
1471 2198 1482 2215 ,
1497 2183 1540 2209 ac

255 2227 439 2265 interdum
455 2227 511 2264 vel
534 2227 686 2277 pedibus
698 2232 766 2266 iter
779 2227 960 2266 conficere
973 2255 983 2271 ,
999 2227 1054 2264 vel
1069 2240 1223 2276 corpore
1239 2226 1428 2264 seminudo
1440 2252 1449 2268 ,
1465 2237 1540 2274 quo

255 2280 335 2329 plus
349 2281 467 2317 meriti
491 2293 533 2317 ex
548 2278 754 2318 lassitudine
774 2282 1036 2329 acquireretur.
1053 2280 1142 2316 Haec
1157 2284 1188 2316 δε
1208 2277 1338 2315 similia
1351 2304 1360 2318 ,
1378 2288 1539 2326 quorum

256 2331 460 2370 incredibili
484 2332 601 2369 studio
624 2331 776 2371 mundus
796 2332 1006 2382 aliquandiu
1025 2331 1186 2369 aestuauit
1200 2356 1209 2372 ,
1225 2330 1247 2366 li
1262 2328 1459 2367 secundum
1477 2340 1538 2365 eas

258 2397 345 2434 quas
366 2396 469 2422 antea
491 2383 674 2435 posuimus
699 2383 842 2436 regulas
862 2386 1109 2421 examinentur
1123 2409 1133 2425 ,
1156 2396 1230 2419 non
1255 2380 1397 2419 tantum
1418 2382 1542 2418 inania

260 2436 576 2488 deprehendentur
599 2450 642 2476 ac
659 2437 854 2491 nugatoria
868 2462 879 2481 ‚
894 2435 955 2475 sed
979 2436 1087 2487 plena
1109 2432 1309 2473 manifestae
1328 2435 1542 2523 impizltatis.

1455 2495 1542 2522 tcun

1516 10 1525 26 ⁸
1583 14 1587 37 1
