1591 2775
212 24 274 65 στὶ
524 33 527 38 ’
610 22 823 61 LIBRI
875 21 1153 62 TERTH

214 101 343 128 omnes
355 88 547 139 proficient
558 86 606 129 se,
622 91 656 124 δι
671 87 903 137 deploratum
917 89 956 124 in
974 101 1131 130 morem,
1146 99 1365 140 quocunque
1385 85 1501 126 libido‘

215 143 339 179 tulerit
352 141 554 191 praecipites
569 142 685 178 ibunt.
713 141 756 178 Et
778 137 857 177 sane
871 153 946 177 non
976 143 1010 176 in
1033 139 1238 177 vniuetsum
1266 143 1505 180 mentiuntur.

215 195 297 233 sunt
310 194 409 229 'enim
424 192 584 241 plerique
598 192 699 242 porci
713 194 772 242 qui
786 191 1111 243 praedestinationis
1130 191 1334 230 dostrinam
1349 195 1503 243 impuris
1551 215 1559 221 ι

215 245 289 294 istis
302 243 534 294 blasphemiis
547 243 787 294 conspurcant
800 269 813 284 0
828 256 935 293 atque
949 244 1019 280 hoc
1031 246 1141 281 etiam
1156 243 1313 282 obtentu
1336 245 1504 288 admoni-

216 299 337 336 tiones
352 301 385 333 δε
399 297 675 347 obiurgationes
692 296 871 345 quassibet
889 295 1054 337 eludunt,
1075 297 1143 332 Scit
1158 298 1259 332 Dens
1272 296 1357 346 quid
1373 296 1416 332 de
1437 310 1509 332 no·-

215 349 274 386 bis
287 361 399 399 agere
414 348 525 384 seir-el
537 350 715 385 statuerit.
725 348 747 384 si
762 347 911 385 salutem
923 347 1096 390 decreuit,
1112 347 1271 385 adducet
1285 361 1350 384 nos
1366 348 1411 384 ad
1423 361 1506 384 eam

217 400 281 439 suo
293 401 503 450 ternporezli
515 411 672 436 mortem
686 398 1017 441 destinauit,frustra
1037 399 1163 437 contra
1178 400 1426 437 tenderemus.
1452 403 1506 437 At

218 455 411 502 Scriptura,
429 452 514 488 ‹lurn
528 453 833 501 praecipitquanto
850 454 981 488 maiori
1002 457 1033 488 ὅ(
1048 456 1253 490 reuerentia
1272 457 1303 488 δε
1323 453 1506 502 religione

218 507 262 543 fit
278 504 322 541 de
333 508 436 542 tanto
453 505 626 554 mysterio
649 503 889 553 cogitandum
907 530 914 544 ,
932 515 1006 540 tum
1021 506 1101 553 pios
1123 508 1159 541 in
1185 502 1297 558 longe
1323 503 1507 540 diuersum

219 557 523 595 sensuminstiruit
537 582 545 597 ,
562 567 637 592 tum
653 555 835 592 scelestam
849 556 1000 592 illorum
1021 559 1282 605 intemperiem
1310 552 1424 604 probe
1445 568 1509 592 re·-

220 605 377 662 darguit.
402 610 488 645 Non
503 611 598 644 enim
614 607 964 657 praedestinationern
979 605 1025 644 eo
1047 620 1318 645 commemorat
1332 610 1416 644 vt'in
1441 620 1506 645 au-

222 662 360 698 daciam
375 664 575 714 erigamur,
590 664 622 694 δε
639 654 811 695 inaccessa
823 660 893 695 Dei
907 661 1042 696 secreta
1057 672 1224 697 excutere
1240 659 1378 697 nefaria
1391 672 1511 696 teme-

219 717 328 752 ritate
342 725 545 749 tentemus:
560 709 617 748 sed
630 712 752 761 potius
767 723 802 748 vt
824 711 1006 748 humiliati
1019 723 1060 752 ac
1079 710 1211 749 deiecti
1227 738 1236 752 ‚
1267 711 1313 749 ad
1334 712 1510 748 iudicium

224 768 298 802 eius
313 777 483 806 tremere,
496 762 782 800 misericordiam
794 757 968 813 suspicere
980 762 1169 800 discamus.
1183 764 1241 800 Ad
1253 762 1346 800 hunc
1359 763 1509 813 scopum

222 816 352 855 fideles
365 816 616 853 collimabant.
629 814 695 851 Ille
708 827 829 852 autem
844 814 962 852 foedus
975 828 1171 864 porcorum
1187 828 1373 867 grunnitus
1387 814 1405 852 a
1420 818 1510 853 Pau—

222 870 263 907 lo
276 871 343 906 rite
357 868 611 918 compescitur.
624 870 775 904 Securos
789 866 823 903 se
837 870 870 903 in
887 868 977 904 vitiis
992 879 1144 917 pergere
1159 866 1296 905 dicunt:
1310 871 1394 917 quia
1405 867 1427 904 fi
1442 867 1512 905 fint

224 919 245 958 ὲ
260 934 415 958 numero
437 921 640 957 electorum
653 945 663 962 ,
677 918 772 955 nihil
785 917 955 956 obfutura
970 919 1034 955 tint
1047 921 1131 956 vitia
1145 921 1343 968 quominus
1357 917 1510 956 tandem

224 973 268 1011 ad
279 974 392 1011 vitam
408 971 660 1023 perducantur.
683 975 797 1022 Atqui
812 973 849 1008 in
861 970 955 1008 hunc
969 969 1076 1008 finem
1093 971 1229 1008 electos
1243 968 1314 1008 esse
1334 984 1400 1007 nos
1413 973 1511 1008 Pau-

51 1017 188 1068 Epqufir.
226 1025 278 1064 lus
289 1025 524 1066 admonet,vt
539 1024 697 1061 sanctam
713 1036 753 1060 ac
766 1023 989 1073 inculpatam
1005 1025 1114 1060 vitam
1128 1022 1368 1061 traducamus.
1386 1025 1419 1060 Si
1433 1022 1511 1060 ele-

48 1084 106 1117 24
226 1078 360 1114 &rionis
376 1081 501 1127 (copus
515 1078 564 1113 est
575 1079 655 1112 vitae
668 1075 908 1113 sanetirnonia
924 1101 933 1116 ,
945 1078 1061 1128 magis
1073 1075 1117 1112 ad
1136 1088 1217 1112 eam
1241 1076 1407 1112 alacriter
1429 1087 1512 1112 me-

224 1128 407 1167 ditandam
422 1126 698 1180 expergefacere
714 1132 747 1164 8<
763 1127 948 1165 stimulare
961 1142 1026 1164 nos
1043 1128 1156 1165 debet
1171 1155 1179 1169 ,
1194 1126 1300 1177 quam
1314 1127 1357 1164 ad
1369 1126 1511 1172 defidiae

223 1194 441 1233 ptaetextum
457 1182 588 1217 valere.
605 1179 857 1231 Qantopere
869 1181 963 1216 enim
978 1180 1052 1217 liaec
1063 1182 1158 1216 inter
1173 1179 1205 1216 se
1219 1177 1399 1221 diffident,
1414 1177 1434 1216 ὲ
1446 1179 1512 1216 be-

224 1248 272 1271 ne
286 1233 432 1285 agendo
446 1229 580 1269 ceffare
598 1259 607 1275 ,
623 1234 709 1282 quia
723 1232 856 1268 elestio
869 1232 914 1269 ad
936 1231 1088 1268 salutem
1104 1229 1252 1268 sufficiat
1265 1257 1274 1272 ‚
1293 1236 1324 1267 δε
1342 1231 1513 1268 electioni

222 1287 451 1336 propolitum
467 1280 538 1322 effe
551 1283 659 1321 finem
677 1296 712 1321 vt
724 1286 759 1319 in
773 1283 958 1320 bonorum
971 1283 1123 1320 studium
1148 1283 1420 1320 incumbamus?
1443 1284 1509 1319 Fa-

223 1336 360 1376 ceffant
382 1349 470 1389 ergo
494 1335 669 1374 eiusmodi
693 1335 882 1387 sacrilegia
903 1349 982 1387 qua:
994 1348 1113 1372 totum
1138 1336 1330 1372 electionis
1344 1334 1511 1372 ordinem

224 1402 414 1443 perperam
429 1385 900 1439 inuerrunt.Qodautem
914 1390 990 1426 suas
1011 1386 1252 1438 blasphemias
1275 1383 1422 1436 longius
1446 1399 1513 1423 ex-

225 1442 379 1481 tendunt
390 1470 399 1484 ,
416 1442 501 1478 dum
516 1453 599 1478 eum
612 1445 726 1490 quint
737 1439 756 1477 a
769 1443 851 1478 Deo
866 1440 1097 1490 reprobatus,
1113 1439 1339 1489 perditurum
1354 1451 1508 1489 operam

224 1495 350 1533 dicunt
365 1495 388 1531 fi
402 1494 613 1530 innocentia
627 1496 661 1528 ὃ(
680 1493 867 1542 probitate
880 1496 960 1530 vitae
977 1492 1012 1529 se
1029 1491 1082 1528 illi
1097 1491 1299 1541 approbare
1311 1492 1511 1528 studeattin

225 1561 273 1585 eo
286 1544 375 1584 verb
390 1543 689 1594 impudentissimi
704 1544 884 1582 mendacii
898 1546 1181 1581 conuincuntur.
1206 1542 1310 1581 Vnde
1324 1543 1420 1579 enim
1435 1542 1510 1580 tale

223 1600 434 1636 studiuoriri'
451 1595 558 1648 possit
572 1597 634 1633 nifi
649 1610 692 1633 ex
707 1596 1003 1634 electionezNam
1018 1598 1227 1645 quicunque
1241 1596 1319 1632 sunt
1331 1607 1373 1631 ex
1387 1607 1513 1645 repro—

225 1652 359 1689 borum
372 1663 538 1691 numero,
558 1661 594 1685 vt
610 1649 688 1687 sunt
698 1649 775 1686 vasa
788 1650 822 1685 in
837 1648 1104 1686 contumeliam
1117 1646 1343 1689 formata‚ita
1359 1660 1432 1683 non
1445 1647 1514 1683 de-

225 1704 346 1741 finiint
359 1705 542 1753 perpetuis
555 1702 699 1752 flagitiis
714 1705 803 1738 itam
818 1703 890 1738 Dei
904 1703 941 1738 in
954 1700 987 1738 se
1001 1712 1213 1750 prouocare,
1231 1704 1263 1736 δε
1278 1699 1507 1749 euidentibus

228 1756 337 1810 fignis
349 1754 566 1792 confirmare
578 1754 678 1803 quod
689 1757 761 1791 iam
776 1756 811 1790 in
828 1752 861 1790 se
874 1754 988 1791 latum
1004 1753 1054 1790 est
1067 1754 1138 1790 Dei
1159 1753 1331 1789 iudicium
1346 1777 1356 1793 ‚
1369 1762 1509 1788 tantum

225 1809 326 1845 abest
338 1821 374 1844 vt
386 1820 467 1843 cum
482 1805 560 1855 ipso
573 1806 702 1843 frustra
716 1806 957 1843 contendant.

274 1873 306 1906 13
344 1856 511 1913 Maligne
525 1871 647 1896 tamen
660 1870 768 1908 atque
780 1857 1009 1908 impudenter
1019 1855 1112 1894 hanc
1135 1855 1340 1893 doctrinam
1365 1855 1511 1892 calum-

222 1914 366 1949 niantur
378 1912 452 1954 alii,
465 1911 528 1947 acfi
543 1924 670 1948 ornnes
682 1911 727 1947 ad
741 1907 797 1960 pie
812 1911 1003 1952 viuendum
1017 1908 1299 1945 exhortationes
1314 1918 1512 1944 euerteret.

225 1966 315 2015 Qa
336 1963 379 2000 de
393 1977 431 2000 re
450 1976 617 2012 magnam
642 1963 733 2000 olim
758 1963 933 2000 inuidiam
958 1960 1119 1999 sustinuit
1136 1961 1355 2011 Augustinus
1371 1985 1379 2000 ‚
1403 1971 1512 2010 quam

221 2016 385 2053 abnerfit
399 2015 494 2052 libro
511 2019 569 2053 De
582 2016 813 2065 correptione
826 2019 859 2051 δε
872 2016 987 2064 gratia
999 2013 1046 2049 ad
1059 2012 1313 2050 Valentinum:
1328 2013 1427 2049 cuius
1449 2013 1506 2049 le-

220 2071 295 2107 &cio
308 2070 386 2118 pios
399 2080 528 2104 omnes
547 2072 579 2104 δε
593 2066 728 2104 dociles
743 2064 845 2103 facile
859 2066 1142 2118 placabit.pauca
1156 2077 1280 2101 tamen
1295 2062 1351 2099 hic
1363 2063 1498 2105 libabo,

220 2133 299 2171 quat
313 2123 367 2169 (vt
379 2119 624 2170 spero)probis
639 2123 672 2155 δε
688 2133 762 2155 non
776 2118 1007 2155 contentiosis
1023 2114 1384 2168 satisfacient.Qam
1400 2128 1502 2166 aper-

220 2185 276 2210 tus
295 2178 326 2209 &
342 2172 481 2209 vocalis
497 2184 613 2222 praeco
627 2171 815 2208 electionis
827 2172 995 2222 gratuitae
1008 2169 1118 2206 fuerit
1131 2165 1367 2212 Paulus‚ante
1384 2168 1504 2214 ‘visum

222 2227 334 2261 est:an
349 2223 434 2260 ideo
453 2223 639 2260 monendo
654 2227 687 2260 &
700 2223 859 2259 hortado
873 2221 1040 2275 frigidus?
1053 2220 1254 2257 Conferant
1269 2221 1357 2257 boni
1368 2221 1422 2256 isti
1439 2231 1508 2256 ze-

49 2278 203 2325 1·7he.4.
222 2276 307 2314 lotae
318 2280 394 2313 eius
408 2275 676 2312 vehementiam
691 2287 773 2311 curn
791 2274 1000 2326 {ua‚glac1es
1012 2275 1048 2309 in
1060 2273 1141 2323 ipfis
1156 2274 1355 2322 reperietur
1368 2284 1438 2323 prae
1452 2274 1509 2308 in·

48 2333 105 2375 177
221 2328 385 2366 credibili
397 2328 491 2365 illius
505 2326 665 2364 feruore.
680 2329 723 2363 Et
735 2322 834 2363 certe
849 2328 1062 2375 principium
1076 2325 1163 2362 illud
1176 2324 1359 2375 scrupulos
1376 2335 1509 2362 omnes

47 2402 60 2420 A·
79 2414 81 2418 ,
96 2386 115 2420 1,,
126 2385 155 2433 s.
171 2398 201 2421 2.
223 2383 324 2419 tollit
336 2408 344 2423 ,
363 2394 434 2417 non
450 2376 601 2417 essenos
621 2392 764 2416 vocatos
782 2379 826 2415 ad
847 2378 1120 2414 immunditiem
1137 2404 1146 2420 ‚
1161 2378 1219 2414 sed
1233 2391 1269 2414 vt
1283 2375 1435 2426 quisque
1449 2387 1508 2412 vas

42 2430 116 2475 hssio
220 2435 322 2474 suum
346 2430 575 2485 postideatin
589 2430 755 2486 bonore,
771 2436 840 2470 διε.
852 2429 988 2470 deinde
999 2443 1067 2481 nos
1084 2429 1158 2469 effe
1179 2430 1253 2468 Dei
1274 2427 1510 2480 figmentum.

424 2512 427 2514 >
1357 2490 1499 2518 creatos
