1591 2775
69 1149 190 1189 62›1.4.

70 2294 202 2328 Rem-9.

66 2338 142 2379 σίας

250 33 311 70 :92
612 20 1206 72 LtBRisEchDi

251 108 369 134 veram
384 97 528 136 iustitiae
540 99 708 150 regulam
722 100 899 153 dirigitur:
917 105 952 138 ὅτ
969 101 1030 139 fim
1037 101 1073 140 ul
1088 114 1184 140 noua
1196 103 1232 138 in
1245 101 1398 142 homine
1410 100 1543 143 'volun-

252 160 309 186 tas
322 149 463 187 dicatur
474 155 602 193 creari,
615 155 703 202 quia
715 153 760 191 fic
772 156 898 191 vitiata
911 151 1159 203 corruptAque
1170 156 1277 197 .est‚vt
1290 168 1427 193 nouum
1440 159 1544 206 peni-

249 213 310 238 tus
322 203 513 254 ingenium
524 203 676 242 induere
688 202 827 244 necesse
841 205 990 243 babeat.
1003 206 1109 243 Nihil
1121 209 1194 243 iam
1207 206 1329 245 obstat
1343 219 1542 258 quominus

249 250 321 290 rite
342 267 452 308 agere
463 256 629 294 dicamur
639 257 738 307 quod
757 260 835 308 agit
854 260 1001 309 Spiritus
1022 260 1092 296 Dei
1106 272 1143 295 in
1158 259 1264 296 nobis
1277 286 1288 301 ,
1301 259 1440 297 etiamsi
1452 259 1544 298 nihil

250 304 272 341 ὲ
284 306 395 356 seipla
406 306 572 346 conferat
592 311 714 346 nostra
735 311 899 348 voluntas
921 310 1020 361 quod
1042 311 1090 348 ab
1103 313 1177 347 eius
1198 313 1317 362 gratia
1341 310 1541 362 separetur.

251 356 419 409 Ideoque
430 367 612 398 memoria
625 362 823 399 tenendum
834 363 934 413 quod
951 363 1041 400 alibi
1054 362 1316 416 ex'Augustino
1329 365 1541 407 timuimus,

249 410 379 449 frustra
393 411 564 462 quosdam
579 413 743 464 satagere
760 426 799 452 vt
811 417 848 451 in
866 415 1025 452 hominis
1037 416 1228 453 voluntate
1240 417 1433 466 quicquam
1446 415 1541 454 boni

247 467 441 514 proprium
453 468 645 515 reperiant.
658 465 826 518 quicquid
838 467 936 504 enim
957 469 1126 506 mixturae
1136 480 1180 504 ex
1195 467 1301 504 liberi
1316 467 1456 505 arbitrii
1469 470 1541 506 vir-

249 526 331 553 tute
343 515 472 554 afferre
496 518 643 555 student
665 517 839 556 homines
853 519 898 556 ad
913 522 985 556 Dei
1006 521 1162 572 gratiam
1176 546 1185 561 ‚
1202 519 1292 556 nihil
1312 519 1412 558 aliud
1430 518 1540 572 quam

249 569 328 606 eius
345 571 533 618 corruptio
548 571 598 608 est
611 571 784 620 :perinde
798 583 838 607 ac
852 570 958 622 siquis
981 571 1100 610 lutosa
1113 577 1147 610 δε
1159 584 1286 618 amara
1305 585 1400 622 aqua
1413 575 1539 610 vinum

249 619 421 680 dilueret.
443 622 515 658 Etfi
527 634 650 660 autem
664 622 839 674 quicquid
852 625 887 660 in
902 623 1094 661 voluntate
1104 623 1196 662 boni
1208 626 1271 666 est,
1287 638 1329 661 ex
1342 637 1444 661 mero
1457 626 1539 673 Spi-

218 697 228 710 -,
246 674 337 710 ritus
350 674 518 711 instinctu
530 680 704 724 prouenit
717 701 727 718 ‚
739 677 829 727 quia
841 687 963 713 tamen
977 675 1086 712 nobis
1098 676 1313 714 naturaliter
1333 678 1537 726 ingenitum

247 726 299 762 est
314 725 409 763 velle
421 753 431 768 ,
444 740 518 763 non
530 727 593 764 abs
606 740 646 764 re
660 740 703 765 ea
722 740 832 780 agere
855 727 1011 765 dicimur
1023 741 1180 778 quorum
1202 729 1354 766 laudem.
1369 721 1432 765 iibi
1457 730 1538 767 iure

245 780 348 815 Deus
362 778 542 816 vendicat.
555 775 712 829 primum
727 807 736 823 ,
748 781 832 832 quia
852 781 1015 816 nostrum
1026 781 1076 816 est
1095 782 1171 817 eius
1189 781 1422 832 benignitate
1433 783 1536 830 quio-

245 830 336 880 quid
349 843 523 882 operatur
535 833 571 868 in
584 831 703 875 nobis,
717 832 833 871 modo
845 845 920 869 non
933 830 952 869 ὲ
963 832 1069 870 nobis
1081 829 1151 869 esse
1162 832 1536 883 intelligamusdein-

241 882 288 919 de
298 886 383 932 quia
394 884 513 920 nostra
525 885 575 921 est
585 898 702 926 mens,
716 885 835 923 nostra
846 883 1028 928 voluntas,
1043 886 1203 924 nostrum
1219 885 1472 936 studium,quae
1485 884 1535 923 ab

243 947 290 972 eo
301 949 337 973 in
351 934 493 973 bonum
508 935 722 988 diriguntur.
850 963 852 967 ⁷
1295 949 1300 955 ·

296 977 337 1024 1}
389 988 491 1039 Qae
506 1002 682 1039 praeterea
693 988 778 1026 hinc
791 988 878 1026 inde
888 989 1098 1027 testimonia
1114 989 1322 1031 corradunt,
1377 989 1533 1027 ediocri-

239 1038 307 1077 bus
319 1043 432 1077 etiam
444 1043 600 1094 ingeniis
612 1056 687 1080 non
701 1043 861 1079 multum
875 1036 1048 1079 facessent
1060 1046 1218 1096 negotii,
1234 1056 1314 1094 quae
1326 1003 1534 1093 [sperioren

239 1091 355 1130 mode>
370 1092 568 1132 solutiones
585 1092 699 1145 probe
713 1094 937 1132 imbiberint.
962 1095 1088 1132 Citant
1102 1109 1144 1132 ex
1159 1095 1296 1133 Genefi
1317 1095 1533 1132 sententiam

238 1144 340 1182 illam
355 1173 363 1188 ,
378 1145 450 1183 Sub
463 1158 500 1184 te
513 1150 580 1186 erit
592 1149 776 1198 appetitus
789 1148 864 1184 eius
877 1173 889 1190 ‚
903 1151 936 1184 &
951 1159 990 1184 tu
1003 1146 1256 1186 dominaberis
1269 1148 1324 1184 illi
1338 1162 1346 1184 ε
1362 1159 1470 1198 quam
1484 1147 1533 1184 de

238 1210 391 1248 peccaro
402 1199 779 1249 interpretantur,acfi
792 1201 882 1236 Cain
900 1200 1138 1250 promitteret
1151 1202 1347 1243 Dominus,
1359 1213 1435 1236 non
1448 1198 1532 1237 fore

237 1252 275 1288 in
289 1253 414 1287 animo
429 1254 506 1288 eius
526 1253 598 1288 vim
612 1252 837 1302 superiorem
851 1252 1002 1302 peccati,
1016 1251 1040 1288 fi
1052 1253 1087 1288 in
1101 1264 1147 1289 eo
1161 1251 1414 1304 perdomando
1425 1250 1534 1289 labo-

238 1316 320 1340 rare
332 1302 456 1340 vellet.
482 1304 563 1340 Nos
576 1316 698 1341 autem
712 1305 832 1355 magis
846 1305 1024 1355 c6gruere
1038 1303 1193 1342 dicimus
1205 1303 1322 1341 ordini
1334 1305 1536 1346 orationis,

240 1368 278 1394 vt
290 1355 336 1392 de
349 1355 469 1394 Abele
479 1358 677 1407 accipiatur
688 1356 758 1393 hoc
770 1356 997 1393 di&um;illic
1009 1357 1110 1393 enim
1124 1358 1358 1407 iniquitatem
1369 1355 1532 1398 inuidiae,

241 1420 347 1457 quam
361 1409 396 1444 in
408 1406 561 1446 fratrem
575 1409 666 1446 Cain
688 1420 907 1458 conceperat
918 1435 928 1450 ,
943 1420 1095 1461 arguere
1117 1408 1344 1459 propofitum
1367 1409 1417 1446 est
1430 1412 1529 1446 Deo,

240 1460 278 1498 id
291 1459 379 1497 facit
399 1460 532 1510 duplici
549 1461 693 1499 ratione
709 1475 717 1497 :
733 1458 832 1510 quod
841 1459 969 1497 frustra
980 1459 1227 1499 meditabatur
1247 1460 1358 1498 scelus
1371 1473 1445 1510 quo
1458 1459 1531 1498 fra-

241 1524 334 1550 trem
349 1512 572 1563 praecelleret
582 1513 676 1563 apud
686 1515 823 1555 Deum,
835 1512 931 1563 apud
944 1526 1053 1562 quem
1066 1513 1187 1550 nullus
1201 1514 1251 1550 est
1264 1511 1386 1550 honor
1400 1513 1463 1549 nisi
1473 1514 1528 1550 iu-

236 1564 490 1602 stitiaezdeinde
503 1563 600 1615 quod
613 1567 766 1602 nimium
780 1566 942 1616 ingratus
957 1561 1044 1602 esset
1054 1567 1124 1602 iam
1138 1577 1290 1616 accepto
1304 1567 1374 1602 Dei
1387 1562 1531 1602 benefi-

237 1623 296 1654 cio
310 1645 319 1660 ‚
333 1619 394 1668 qui
415 1631 459 1654 ne
472 1617 672 1655 subied'tum
685 1616 837 1669 quidem
857 1618 922 1655 suo
954 1619 1114 1667 imperio
1123 1617 1271 1655 fratrem
1287 1615 1383 1654 ferre
1396 1612 1529 1667 posset.

236 1666 374 1708 Verum
390 1683 435 1706 ne
446 1669 539 1706 hanc
552 1671 894 1720 interpretationem
910 1668 996 1707 ideo
1011 1669 1200 1707 videamur
1209 1669 1411 1720 amplexari
1425 1667 1527 1717 quod

238 1722 354 1760 altera
367 1722 472 1759 nobis
485 1725 665 1760 contraria
676 1722 718 1759 fit
730 1749 739 1764 ,
752 1721 879 1760 demus
891 1720 973 1760 sane
987 1721 1031 1759 de
1045 1720 1199 1771 peccato
1213 1721 1406 1772 loquutum
1420 1718 1527 1759 fuisse

238 1777 422 1813 Deum-Si
433 1777 484 1813 ita
495 1776 560 1820 est,
571 1788 632 1812 aut
643 1776 832 1826 promittit
843 1774 915 1812 hoc
927 1777 1125 1819 Dominus,
1136 1773 1234 1826 quod
1246 1774 1452 1815 denuntiat,
1463 1783 1529 1811 aut

235 1826 394 1865 iubensi
406 1827 663 1870 iubet‚nullam
675 1827 760 1864 inde
774 1827 1037 1878 probationem
1049 1826 1231 1866 facultatis
1245 1826 1413 1864 humanae
1422 1824 1525 1877 sequi

235 1881 309 1917 iam
324 1878 669 1918 demonstrauimus:
683 1880 707 1916 fi
721 1881 919 1930 promittit,
934 1882 992 1919 vbi
1007 1879 1256 1941 groniiffionis
1268 1879 1527 1928 complemen-

236 1944 328 1975 tum,
342 1932 489 1980 quando
501 1919 672 1980 peccat&
681 1935 734 1969 cui
747 1932 928 1971 dominari
940 1932 1055 1984 ipsum
1069 1931 1280 1982 oportebat,
1294 1932 1383 1968 Cain
1399 1932 1524 1968 succu-

234 1983 336 2021 buit?
352 1983 585 2022 Promiffioni
596 1984 768 2022 inclusam
783 1983 907 2023 dicent
916 1988 1061 2022 tacitam
1076 1983 1414 2025 conditionem,acfi
1426 1983 1524 2020 dice-

234 2048 335 2074 retur
350 2037 540 2074 viftoriam
555 2049 830 2086 reportaturum
847 2034 954 2075 fuisse
974 2038 998 2073 fi
1012 2048 1169 2073 certaret
1185 2035 1266 2074 :sed
1278 2038 1353 2085 quis
1368 2036 1524 2085 recipiat

234 2089 316 2126 istas
329 2088 516 2142 ambages?
531 2090 629 2127 Nam
643 2090 667 2127 fi
685 2090 727 2127 ad
742 2102 927 2137 peccatum
941 2087 1095 2126 refertur
1108 2090 1172 2125 ista
1185 2088 1521 2128 dominatio‚nemo

235 2140 407 2193 ambigat
427 2143 680 2192 imperatiuam
696 2140 768 2180 effe
781 2144 986 2179 orationem
999 2168 1008 2183 ‚
1023 2144 1057 2178 in
1071 2154 1140 2191 qua
1164 2153 1240 2177 non
1254 2138 1425 2176 definitur
1437 2138 1523 2190 quid

233 2191 489 2244 poffimus‚sed
499 2194 586 2244 quid
598 2195 653 2231 vel
667 2196 767 2244 supra
781 2195 1000 2244 potestatem
1014 2193 1223 2231 debeamus.
1240 2192 1467 2242 Qanquam
1483 2195 1520 2228 &

234 2257 291 2283 res
305 2248 378 2295 ipsa
392 2248 523 2284 &ratio
538 2249 795 2283 Grammaticae
805 2245 1319 2296 postulant‚comparationem
1333 2242 1411 2281 fieri
1424 2245 1519 2281 Cain

237 2302 272 2335 &
286 2298 414 2336 Abelis
428 2300 534 2349 :quia
550 2301 817 2349 primogenitus
833 2298 945 2337 frater
957 2301 1091 2336 minori
1105 2295 1330 2349 posthabitus
1342 2311 1418 2334 non
1430 2294 1518 2335 fuis-

236 2350 367 2393 set,nifi
381 2363 533 2401 proprio
547 2351 680 2388 scelere
692 2352 865 2388 deterior,
1500 2365 1502 2368 ’

289 2414 329 2447 17
382 2405 539 2441 Vtuntur
551 2409 583 2440 δε
598 2405 676 2440 testi
684 2405 811 2440 monio
825 2406 854 2439 Λ
864 2404 1009 2455 postoli,
1027 2405 1112 2455 quia
1122 2402 1211 2440 dicit
1221 2415 1295 2439 non
1308 2397 1381 2440 effe
1393 2400 1520 2438 volen-
1568 2444 1573 2446 ῃ

236 2456 295 2500 03⁸,
309 2468 375 2495 nec
386 2459 577 2501 currentis,
592 2456 653 2495 sed
661 2455 865 2495 miserentis
882 2460 1012 2497 Deiiex
1023 2470 1098 2508 quo
1115 2455 1265 2496 eliciunt
1275 2482 1286 2501 ‚
1299 2452 1434 2512 aliquid
1445 2449 1519 2490 effe
1543 2471 1547 2473 ‡

1081 2523 1084 2526 >
1404 2519 1444 2544 m
1452 2519 1517 2543 vo-
