1591 2775
232 8 299 56 394
625 0 842 50 L113R1
891 11 1170 59 -TERT11

230 78 307 116 fers
320 87 449 116 munus*
473 88 577 117 tuum
591 78 635 116 ad
654 79 796 120 altare,
812 82 845 116 δε
861 77 911 115 ibi
935 77 1143 116 recordatus
1156 76 1265 116 fueris
1287 75 1385 131 quod
1397 76 1515 128 frater]

232 142 315 168 tuus
328 129 442 169 habet
451 130 590 180 aliquid
604 128 798 168 aduersum
813 130 1035 179 te,relinque
1049 130 1102 167 ibi
1114 144 1244 168 munus
1256 144 1371 173 tuum,
1389 136 1423 168 &
1436 130 1516 184 abi,¹

235 180 407 232 priusque
427 184 664 220 reconciliare
687 182 789 219 fratri
803 195 868 219 tuo
886 198 894 220 :
911 187 944 219 &
958 195 1042 220 tunc
1067 184 1215 221 veniens
1228 181 1361 220 offeres
1385 196 1514 226 munus

236 247 356 272 tuum.
378 237 431 271 Sic
444 238 540 271 enim
557 233 738 272 sarcienda
750 234 799 271 est
812 233 965 272 charitas
988 247 1066 284 quac
1079 236 1198 272 nostra
1210 235 1314 285 culpa
1327 232 1514 276 dissiliet-it,

236 287 377 336 culpam
403 299 509 337 quarn
531 286 734 323 admisimus
755 285 985 337 agnoscendo
1009 291 1042 322 &
1068 286 1293 337 deprecando
1317 315 1324 322 .
1352 286 1421 324 Sub
1439 286 1518 328 hoc

234 351 373 393 genere
384 337 705 386 comprehenditur
727 350 854 375 eorum
869 336 1046 376 confessio
1059 340 1119 389 qui
1145 339 1251 389 vsque
1264 337 1315 375 ad
1326 331 1520 376 conuitio·

236 390 351 428 clesiae
373 386 613 427 offensionem
634 402 842 439 peccarunt.
867 391 962 427 Nam
978 391 999 426 fi
1022 393 1110 428 tanti
1125 393 1306 438 priuatam
1328 390 1520 435 vuius-hoff

184 483 187 486 Δ
236 444 347 480 minis
359 440 530 480 offensam
543 443 689 478 aestimar
699 441 856 479 Christus
875 455 929 483 ,vt
943 439 963 479 ὲ
976 442 1075 479 sacris
1101 455 1218 479 arceat
1232 456 1294 480 eos
1312 454 1444 480 omnes
1456 442 1520 496 qu}¹
1558 448 1560 450 '

70 645 221 685 asora.

75 700 132 738 bs

238 497 277 532 in
291 493 419 537 fratres
434 493 569 543 aliquid
583 505 775 543 peccarunt
790 520 799 535 ‚
813 493 931 530 donec
945 495 1030 541 iusta
1046 491 1286 532 satic'faffione
1298 494 1520 544 redierintin

239 549 393 599 gratiam
408 561 414 583 :
429 542 569 595 quanto
581 547 697 581 maior
721 546 769 582 est
782 547 877 582 ratio
901 547 1009 595 vtqui
1031 546 1321 584 Ecclesiamlaesit
1346 542 1518 593 malo'ali-

241 613 317 649 quo
330 597 499 647 exemplo
512 625 521 641 ‚
535 609 613 634 eam
629 597 693 634 fibi
706 596 819 647 culpae
837 598 1027 649 agnitione
1040 599 1274 636 reconciliet?
1290 603 1342 636 Ita
1353 595 1518 650 rece-ptus‘*

241 653 291 689 est
304 650 519 687 Corinthius
535 649 597 685 ille
610 650 645 685 in
659 650 974 690 communionem,
992 662 1101 698 quum
1115 647 1149 686 se
1163 646 1424 701 obsequentem
1438 663 1524 686 cor-

241 704 401 753 reptioni
412 699 626 751 praebuiss'et.
651 702 741 738 Haec
753 702 863 737 etiam
877 699 996 736 forma
1010 699 1210 748 confitendi
1220 704 1256 738 in
1271 704 1383 740 veteri
1399 701 1521 739 Eccle-

243 755 291 792 sia
304 753 384 791 fuit:
400 752 713 803 quemadmodum
730 756 765 789 8<
778 753 981 803 Cyprianus
994 754 1172 801 meminit.
1189 755 1523 796 Poenitentiam,in-

244 808 326 857 quit
339 832 348 849 ‚
361 818 475 858 agunt
485 806 577 843 iusto
588 817 758 854 tempore
773 803 926 841 :deinde
938 804 983 854 ad
1001 800 1281 856 exomologesin
1296 806 1463 854 veniunt,
1485 800 1521 843 δὲ

244 872 309 910 per
320 871 492 896 manuum
514 857 787 908 impositionem
812 854 977 906 Episcopi
1001 860 1034 893 δε
1052 856 1137 894 cleri
1155 860 1228 898 ,ius
1250 858 1523 896 communionis

245 912 441 960 accipiunt.
463 909 580 947 Aliam
597 906 794 947 confitendi
819 907 875 945 vel
888 911 1073 945 rationem
1094 908 1149 946 vel
1163 907 1319 946 formam
1345 908 1525 959 Scriptura

247 962 392 1015 prorsus
415 964 575 1013 ignorat.
600 974 720 1011 neque
742 961 904 998 nostrum
928 963 977 999 est
998 960 1219 1012 adstringere
1239 963 1346 999 nouis
1369 961 1520 1001 vinculis

250 1016 484 1052 conscientias
500 1040 509 1054 .
531 1026 615 1064 quas
638 1015 675 1050 in
701 1012 915 1063 seruitutem
936 1013 1103 1065 redigere
1121 1011 1281 1051 christus
1304 1007 1524 1052 seuerissime

252 1079 364 1105 vetat.
389 1067 536 1105 Interim
549 1070 634 1116 quin
655 1065 822 1102 fistantse
845 1065 1260 1115 Pastotioues,quoties
1283 1065 1412 1103 sacram
1437 1067 1529 1102 Coe-

250 1121 562 1170 nam‘participare
573 1117 711 1160 volunt,
726 1115 818 1154 adeo
831 1130 903 1152 non
916 1116 1075 1153 reclamo
1089 1144 1098 1160 ,
1115 1130 1150 1156 vt
1163 1112 1322 1155 maxime
1334 1117 1441 1154 velim
1454 1116 1527 1156 hoc

250 1171 386 1220 vbique
406 1170 602 1208 obseruari.
622 1171 718 1206 Nam
733 1173 767 1205 &
788 1167 996 1219 quihabent
1015 1169 1229 1220 impeditam
1254 1167 1526 1213 conscientiam
1543 1179 1546 1185 ’

249 1221 482 1260 referreinde
492 1220 638 1272 possunt
650 1220 863 1272 singularem
878 1219 1036 1257 fruCtum
1052 1235 1060 1256 ι
1077 1225 1109 1257 &
1123 1224 1182 1270 qui
1196 1219 1418 1258 admonendi
1433 1221 1525 1265 sunt,
1542 1229 1547 1235 “

248 1274 518 1313 monitionibus
531 1274 653 1312 locum
668 1276 717 1312 ita
729 1272 891 1324 praebent
902 1298 914 1316 ‚
926 1269 1038 1310 modo
1050 1269 1189 1324 semper
1208 1274 1299 1311 abfit
1312 1274 1475 1323 tyrannis
1490 1277 1526 1310 δε

248 1327 468 1378 superstitio.
509 1349 511 1351 >

302 1392 341 1426 14
395 1384 434 1417 In
450 1379 562 1417 tribus
579 1378 650 1415 illis
672 1374 906 1415 confessionis
919 1377 1116 1427 generibus
1131 1378 1291 1429 potestas
1304 1376 1459 1415 clauium
1473 1374 1529 1414 lo-

249 1445 331 1470 cum
346 1432 456 1470 habet
469 1457 479 1473 ,
494 1433 551 1469 vel
563 1444 674 1480 quum
687 1429 827 1466 solenni
850 1431 1108 1480 recognitione
1121 1431 1291 1467 vitiorum
1307 1428 1452 1467 suorum
1466 1441 1530 1466 ve-

248 1486 345 1522 niam
360 1485 575 1535 deprecatur
587 1495 664 1520 tota
677 1482 832 1519 Ecclesia
846 1495 854 1518 :
868 1482 924 1518 vel
938 1494 1050 1531 quum
1063 1483 1235 1532 priuatus,
1251 1483 1312 1532 qui
1324 1480 1449 1531 aliquo
1462 1494 1529 1518 no-

249 1537 355 1574 tabili
385 1537 522 1575 delicto
553 1546 748 1572 commune
781 1530 1043 1570 offendiculum
1076 1535 1217 1583 peperit
1237 1559 1247 1572 ‚
1270 1534 1528 1583 poenitentiam

248 1589 345 1627 suam
367 1589 538 1626 testatur:
557 1586 613 1624 vel
635 1599 747 1641 quum
775 1589 804 1622 is
827 1587 887 1636 qui
911 1585 963 1621 ob
986 1582 1215 1622 conscientiae
1236 1583 1527 1635 inquietudinem

188 1684 191 1690 s
247 1654 322 1690 ope
336 1643 481 1677 ministri
497 1639 648 1690 indiget,
663 1640 763 1675 luam
777 1637 828 1674 illi
843 1635 1093 1675 infirmitatem
1106 1640 1233 1688 aperit.
1259 1636 1451 1674 Tollendae
1464 1636 1529 1674 vess

84 2265 178 2297 «Mat.
192 2266 227 2299 18

83 2325 150 2355 c.19

87 2366 172 2401 10])ιῖ
182 2378 237 2403 20.

89 2431 159 2465 αις

248 1698 293 1731 ro
307 1691 516 1731 offensionis
530 1681 669 1729 diuersa
682 1691 729 1726 est
742 1692 855 1726 ratio:
872 1691 956 1740 quia
969 1689 1031 1726 etsi
1045 1701 1126 1725 tunc
1140 1702 1287 1741 quoque
1300 1689 1528 1727 conscientia:

249 1748 329 1795 paci
344 1743 562 1786 consulitun
577 1744 774 1793 praecipuus
789 1755 911 1779 tamen
937 1739 1016 1777 finis
1031 1742 1081 1778 est
1106 1754 1141 1778 vt
1154 1740 1298 1779 sublato
1320 1741 1409 1779 odio
1430 1740 1528 1777 inter

249 1799 286 1835 se
300 1799 464 1834 vniantur
484 1798 593 1834 animi
617 1794 762 1831 vinculo
786 1795 893 1843 pacis.
918 1792 987 1831 Sed
999 1791 1135 1831 fruetus
1160 1793 1224 1830 ille
1238 1807 1347 1843 quem
1370 1792 1443 1829 dixi
1457 1792 1528 1827 mi-

250 1846 351 1887 nime
373 1848 587 1900 spernendus
604 1848 653 1884 est
667 1874 676 1886 ‚
691 1845 765 1896 quo
778 1842 951 1885 libentius
975 1844 1213 1882 confiteamur
1228 1856 1374 1895 peccata
1395 1844 1528 1881 nostra.

252 1902 385 1952 Qum
411 1904 504 1938 enim
538 1912 615 1938 tota
638 1899 793 1937 Ecclesia
824 1897 923 1936 velut
944 1909 1066 1934 coram
1097 1899 1170 1933 Dei
1192 1896 1360 1933 tribunali
1393 1895 1524 1938 adstat,

250 1967 350 1991 ream
366 1954 399 1990 se
423 1951 764 1993 confitetur‚vnum
787 1948 965 2002 refugium
991 1949 1149 1986 habetin
1174 1950 1244 1985 Dei
1265 1946 1527 2000 misericordiass

250 2019 325 2043 non
341 2005 492 2056 vulgare
513 2003 669 2041 autleue
693 2003 859 2040 solatium
872 2003 919 2038 est
943 2000 1164 2038 habereillic
1183 1999 1394 2049 praesentem
1418 1998 1529 2037 Chri-

249 2059 291 2095 sti
307 2049 469 2110 legatum
484 2083 493 2095 ,
508 2054 818 2093 reconciliationis
837 2053 1008 2089 mandato
1035 2051 1222 2101 praeditum
1238 2080 1246 2094 ‚
1260 2051 1278 2089 ὲ
1292 2065 1364 2101 quo
1387 2051 1532 2088 denum-

251 2112 332 2148 tiari
347 2111 408 2146 libi
422 2108 692 2146 absolutionem
705 2105 838 2143 audiat.
864 2103 937 2142 Hic
950 2103 1081 2141 vtilitas
1105 2103 1262 2141 clau-:um
1278 2102 1411 2142 merito
1427 2102 1530 2147 com}

251 2161 441 2199 mendatur
457 2188 466 2200 ,
483 2173 592 2210 quum
617 2156 708 2199 rire,
730 2171 804 2208 quo
827 2157 955 2194 ordine
976 2160 1010 2192 3<
1036 2169 1104 2206 qua
1126 2156 1304 2209 religione
1327 2155 1531 2199 decet‚ista

253 2216 439 2264 peragitur
452 2213 600 2265 legatio.
625 2211 800 2247 Similiter
817 2221 925 2258 quum
946 2211 973 2244 is
989 2221 1050 2256 qui
1069 2208 1102 2244 se
1115 2208 1159 2244 ab
1183 2207 1337 2246 Ecclesia
1350 2206 1530 2258 quodam·

255 2266 368 2303 modo
390 2265 617 2302 alienauerat
640 2289 650 2304 ,
673 2263 870 2298 restituitur
892 2263 927 2296 in
949 2257 1148 2298 fraternam
1184 2262 1361 2297 vnitatem
1383 2257 1533 2309 accepta

259 2320 374 2358 venia,
391 2328 565 2366 quantuni
587 2311 807 2351 beneficium
832 2313 881 2349 est
905 2309 1003 2361 quod
1028 2311 1095 2351 fibi.
1112 2312 1158 2349 ab
1179 2316 1220 2349 iis
1242 2311 1379 2363 ignosci
1395 2310 1537 2348 intelli-

258 2372 312 2421 git
340 2370 469 2420 quibus
503 2367 592 2404 dixit
613 2364 769 2402 Christus
796 2392 804 2406 ‚
828 2363 1119 2415 Qibuscunque
1152 2366 1359 2406 remiseritis
1391 2373 1536 2416 peccata

261 2437 300 2460 iu
323 2424 446 2464 terris,
460 2418 604 2458 remiffa
623 2421 660 2455 in
682 2419 769 2455 caelo
791 2430 895 2454 erunt
909 2426 919 2453 Ξ
933 2418 1012 2455 Nec
1033 2418 1183 2462 minoris
1205 2415 1370 2459 efficaciae
1387 2413 1538 2464 autfra-

1463 2467 1540 2504 &us
