1591 2775
200 17 277 66 2760
368 64 402 68 —
562 19 772 60 Lrsskt
826 17 1133 71 Qvanrt

204 86 322 124 Initio
334 81 481 123 secundi
494 81 581 123 dicit
593 97 723 124 omnes
746 85 931 136 sapientiae
949 83 1248 137 &intelligentiae
1263 82 1450 123 thesauros
1462 84 1515 124 in)

203 137 352 175 Christo
366 131 439 174 esse
450 136 784 175 absconditosfinde
795 137 922 188 postea
933 136 1131 185 concludit,
1149 149 1301 174 caueant
1311 135 1437 175 fideles
1451 150 1499 176 ne

208 202 275 242 per
285 191 434 227 inanem
447 188 719 241 philosophiam
740 188 964 227 abducantur
978 186 1120 239 agi-ege
1134 188 1266 226 Christi
1279 215 1289 232 ‚
1303 187 1501 227 secundum

209 242 490 280 constitutiones
504 241 760 279 hominum.1n
773 242 845 279 fine
860 253 983 279 autem
995 243 1117 290 capitis
1125 242 1268 279 maiore
1279 240 1399 278 adhuc
1409 239 1504 279 fidu-

207 294 268 332 cia
280 293 429 332 damnat
440 307 567 332 omnes
583 290 910 335 ἔθελοθρκσκείαςὼοε
923 295 972 330 est
983 291 1134 331 fictitios
1148 292 1279 333 cultus,
1292 305 1384 344 quos
1394 290 1503 330 homi

211 358 276 384 nes
286 345 350 382 fibi
362 346 426 398 ipfi
436 345 779 387 comminiscuntur,
790 344 848 383 vel
860 344 908 381 ab
921 346 996 383 aliis
1008 347 1189 396 accipiunt
1201 372 1211 388 ‚
1228 350 1262 383 δε
1277 357 1504 396 quascunque

214 397 261 436 de
271 397 372 435 cultu
387 399 458 436 Dei
471 397 611 435 tradere
624 408 805 447 praecepta
816 409 861 434 ex
876 400 909 434 l'e
921 397 1067 435 audent.
1092 399 1288 436 Habemus
1305 410 1394 450 ergo
1406 423 1417 439 ‚
1434 398 1507 433 im-

214 452 292 502 pias
313 448 384 489 effe
404 464 537 488 omnes
560 449 834 487 constitutiones
847 475 857 489 2
874 451 909 486 in
927 463 1082 500 quarum
1107 451 1367 488 obseruatione
1386 449 1510 487 cultusv

215 504 289 541 Dei
302 502 383 541 litus
398 501 469 541 effe
480 500 642 555 fingitur.
663 502 753 537 Loci
767 498 853 538 vero
867 501 999 551 quibus
1014 502 1049 539 in
1070 502 1210 540 Galatis
1225 504 1329 554 vrget
1341 515 1415 539 non
1432 496 1506 538 esse

216 555 367 605 laqueos
380 555 610 593 conscientiis
622 550 827 590 induendos
836 555 939 603 (quas
952 551 971 590 a
985 554 1062 591 solo
1074 557 1158 592 Deo
1171 556 1249 605 regi
1262 567 1330 591 con
1337 551 1510 598 uenit)sa-

216 608 262 646 tis
276 607 359 645 sunt
369 605 700 657 aperti:praesertim
713 606 828 653 capite
838 605 1076 654 quinto.1deo
1089 603 1240 644 sufficiat
1251 602 1455 644 annotasse.

269 672 291 703 2
344 661 410 696 Sed
422 659 506 708 quia
525 656 702 706 exemplis
715 668 769 695 nes
783 668 861 694 tota
881 657 1012 695 melius
1023 657 1172 706 patefiet
1185 684 1194 701 ‚
1208 670 1404 708 antequam
1415 653 1508 700 vltra

218 709 774 765 progredimur‚operaepretium
787 709 837 745 est
850 707 943 746 hanc
956 709 1161 747 doetrinam
1173 710 1217 748 ad
1229 711 1347 747 nostra
1359 722 1510 760 tempo-

218 776 259 801 ra
269 762 564 800 accommodare.
579 762 870 800 Constitutiones
882 773 966 812 quas
979 766 1084 799 vocat
1099 761 1508 812 Ecclesiasticas,quibus

220 817 316 865 Papa
327 827 409 853 cum
431 813 498 851 suis
510 825 642 852 onerat
665 813 862 850 Ecclesiam
876 840 885 855 ,
900 814 1050 851 dicimus
1063 815 1280 864 perniciosas
1302 811 1374 851 effe
1387 817 1422 854 &t
1435 816 1511 850 im-

217 866 507 918 pias:aduersarii
520 868 631 904 nostri
643 865 782 903 sanctas
796 863 870 903 effe
885 869 917 902 &
934 867 1104 903 salutares
1119 864 1328 904 defendunt.
1341 869 1432 904 Sunt
1443 878 1510 905 au·

222 931 297 957 tem
311 919 385 956 duo
396 931 519 958 earum
533 930 670 973 genera
683 932 691 954 :
704 931 785 955 nam
799 917 876 955 aliae
887 917 968 956 sunt
981 919 1025 955 de
1036 919 1253 956 ceremoniis
1268 922 1303 955 &
1315 917 1457 961 ritibus,
1468 930 1514 955 a-

222 971 280 1011 liae
293 971 340 1009 ad
354 970 579 1022 disciplinam
591 971 708 1024 magis
721 970 1009 1021 spestantAEstne
1022 972 1134 1023 igitur
1144 973 1233 1008 iusta
1244 967 1347 1007 causa
1358 983 1428 1021 que
1443 982 1515 1008 nos,

223 1022 270 1060 ad
283 1025 449 1073 vtrasque
469 1022 736 1075 impugnandas
748 1032 922 1060 moueat?
936 1025 1065 1060 Iustior
1076 1020 1173 1060 certe
1194 1020 1304 1073 quim
1319 1023 1512 1060 vellemus.

225 1071 386 1123 Primum
401 1075 525 1113 nonne
536 1075 706 1112 authores
721 1075 784 1125 ipfi
797 1076 893 1112 clara
907 1087 997 1111 voce
1010 1073 1203 1117 definiunt,
1216 1071 1428 1126 ipfiffimum
1444 1079 1459 1124 (
1473 1087 1512 1113 vt

224 1131 277 1166 ita
291 1128 517 1177 loquar)Dei
529 1126 671 1165 cultum
683 1128 719 1164 in
734 1128 817 1177 ipsis
829 1129 996 1165 cotineri?
1011 1131 1051 1163 In
1065 1140 1174 1175 quem
1187 1125 1299 1166 finem
1313 1126 1511 1166 conferunt

44 484 180 533 Galam
187 513 196 524 .

43 545 91 574 mx

221 1180 302 1218 suas
315 1180 622 1222 ceremoniasmifi
636 1192 674 1216 vt
683 1191 748 1229 per
758 1179 839 1216 illas
851 1182 953 1216 Deus
967 1179 1122 1216 colatur?
1134 1181 1266 1228 Neque
1279 1179 1315 1217 id
1327 1179 1366 1217 fit
1379 1179 1457 1217 solo
1470 1192 1510 1216 etv
1566 1210 1567 1217 ,

224 1244 312 1269 rore
324 1233 504 1282 impetita:
525 1232 792 1269 multitudinis:
807 1232 866 1268 sed
879 1244 1005 1269 eorum
1027 1232 1299 1280 approbatione
1314 1233 1376 1283 qui
1389 1231 1513 1269 locum

224 1284 380 1328 docendi
395 1285 541 1321 habent.
560 1283 740 1323 Nondum
754 1281 879 1320 crassas
891 1283 1189 1321 abominationes
1199 1288 1345 1335 attingo
1358 1310 1367 1326 ,
1379 1283 1513 1335 quibus

226 1347 345 1374 totam
359 1338 534 1386 pietatem
547 1334 669 1373 moliti
682 1335 763 1372 sunt
775 1332 1009 1386 peffundare:
1025 1335 1085 1372 sed
1099 1335 1194 1385 apud
1208 1348 1270 1373 eos
1293 1350 1368 1373 non
1381 1348 1458 1373 tam
1471 1348 1517 1373 a-
1568 1374 1569 1377 ,

226 1400 309 1430 trox
321 1386 521 1442 fingeretur
532 1390 670 1425 crimen
684 1415 694 1429 ,
708 1390 744 1425 in
758 1390 911 1425 minima
932 1401 1078 1438 quaque
1092 1387 1348 1425 traditiuncula
1373 1383 1444 1426 esse
1458 1389 1520 1425 la-
1569 1412 1570 1442 3

224 1440 413 1528 fsum'mfi
425 1442 493 1478 Dei
508 1442 644 1476 cultum
660 1441 732 1477 suis
744 1442 966 1490 commenti-s
980 1441 1208 1477 subiicerent.
1219 1440 1343 1491 Qod
1355 1453 1443 1492 ergo
1456 1453 1516 1478 to.

213 1527 216 1529 *
241 1492 374 1529 erabile
386 1506 460 1529 non
475 1489 548 1530 effe
563 1493 689 1529 docuit
704 1494 834 1530 Paulus
846 1519 855 1535 ‚
871 1493 1080 1543 legitimum
1095 1491 1241 1530 colendi
1263 1495 1336 1530 Dei
1349 1496 1456 1530 ritum
1467 1492 1514 1531 ad

214 1540 420 1590 ‘hominum
434 1545 624 1583 arbitrium
640 1545 796 1597 redigi.fi
809 1543 917 1582 hodie
928 1543 1024 1582 ferre
1037 1557 1111 1580 non
1127 1540 1418 1596 poffumus.quid
1432 1558 1517 1595 pec·
1570 1552 1571 1555 ’

223 1598 581 1647 (ειηιυεέρῐεῑεηίηι
605 1594 691 1635 veto
704 1610 817 1647 quum
839 1593 1036 1635 secundum
1059 1596 1246 1636 elementa
1258 1598 1384 1635 mundi
1407 1597 1515 1638 huius
1571 1633 1573 1640 ,

224 1649 350 1686 colere
363 1652 575 1713 praecipiunt
587 1676 598 1691 ,
614 1650 710 1698 quod
727 1648 859 1687 Paulus
874 1647 1051 1687 aduersari
1075 1648 1221 1686 Christo
1241 1650 1405 1688 testatur.
1417 1653 1515 1689 Rur-
1571 1653 1572 1658 ’

58 1700 158 1749 colos:
173 1713 208 1738 2.
225 1700 302 1739 sum
315 1715 431 1751 quam
445 1702 588 1753 praecisa
603 1701 813 1740 necessitate
833 1702 1030 1752 astringant
1051 1701 1292 1739 conscientias
1303 1701 1346 1738 ad
1368 1700 1515 1740 seruan-

53 1745 139 1787 ‹laaeo
225 1753 310 1791 dum
326 1753 499 1805 quicquid
510 1756 736 1793 iubent,non
751 1755 800 1791 est
813 1756 996 1807 ignotum.
1010 1751 1085 1790 Hic
1096 1753 1181 1790 dum
1195 1753 1515 1798 reclamamus,cau

50 1805 168 1842 Galae.
181 1818 208 1855 ς.
224 1807 298 1843 sam
312 1805 492 1852 habemus
505 1818 587 1844 cum
604 1805 720 1843 Paulo
731 1819 966 1843 communem
982 1833 991 1847 ‚
1005 1808 1066 1855 qui
1078 1806 1182 1845 nullo
1195 1805 1309 1844 modo
1322 1808 1456 1857 patitur
1467 1804 1513 1844 fi-

53 1866 105 1902 491
223 1858 322 1907 deles
332 1859 568 1897 conscientias
580 1859 614 1895 in
629 1858 821 1895 hominum
835 1859 1049 1896 seruitutem
1061 1858 1189 1910 redigi.

268 1922 308 1947 10
364 1908 478 1949 Porro
493 1911 583 1949 istud
606 1910 799 1961 peffimum
815 1907 1086 1962 accedir,quc*>d
1110 1912 1169 1948 vbi
1191 1910 1324 1948 talibus
1344 1912 1442 1950 vanis
1465 1909 1511 1950 fi·

223 1975 335 2013 gmen
343 1966 386 2000 tis
399 1961 541 1999 definiri
552 1964 683 2016 religio
697 1964 809 2001 semel
822 1973 941 2015 coepta
954 1963 1252 2013 est‚perueriitate
1265 1963 1363 2002 illam
1378 1977 1511 2015 perpe·

221 2014 461 2064 tuosequitur
474 2019 509 2052 &
521 2015 636 2054 altera
650 2015 864 2053 execrabilis
878 2021 1163 2066 prauitas,quam
1182 2014 1362 2053 Pharisxis
1376 2029 1510 2067 expro-

219 2065 354 2111 brabat
363 2067 540 2110 Christus,
553 2081 591 2106 vt
603 2069 744 2106 irritum
757 2067 821 2106 fiat
835 2080 1055 2118 praeceptum
1067 2069 1137 2104 Dei
1150 2080 1299 2117 propter
1315 2068 1512 2109 hominum

219 2118 451 2166 traditiones,
474 2120 579 2157 Nolo
601 2132 730 2158 contra
750 2119 942 2170 praesentes
963 2121 1104 2159 nostros
1124 2119 1366 2158 nomothetas
1388 2120 1509 2158 verbis

219 2174 312 2211 meis
327 2183 500 2223 pugnare.
511 2174 662 2211 vicerint
674 2167 770 2215 sane,
783 2172 886 2222 siquo
901 2171 1014 2210 modo
1029 2171 1074 2209 ab
1086 2171 1151 2209 hac
1164 2171 1293 2209 Christi
1307 2172 1510 2210 accusatio-

217 2236 268 2261 ne
277 2236 434 2278 purgare
445 2225 480 2261 se
493 2235 678 2273 porerunt.
695 2224 764 2262 Sed
776 2224 970 2275 quomodo
983 2224 1209 2266 excusarent,
1224 2237 1336 2275 quum
1350 2227 1511 2263 immen-

219 2275 261 2313 so
281 2277 379 2327 apud
401 2289 464 2318 cos
484 2276 699 2315 sceleratius
720 2277 761 2317 fit
783 2278 1029 2314 auricularem
1054 2274 1318 2314 confessionem
1341 2289 1509 2316 vertente

217 2340 318 2366 anno
332 2322 594 2379 praetermisisse
605 2358 614 2375 ‚
627 2328 735 2381 quam
751 2326 1005 2379 nequiffimam
1024 2331 1137 2367 vitam
1150 2330 1188 2365 in
1201 2329 1355 2368 solidum
1366 2342 1504 2368 annum

214 2378 626 2433 produxiffe?linguam
649 2383 708 2419 die
731 2384 883 2420 Veneris
903 2378 1066 2419 infeciffe
1086 2379 1233 2418 modico
1256 2385 1368 2421 carnis
1386 2383 1504 2433 gustu,

214 2430 328 2482 quam
341 2446 460 2472 totum
472 2447 602 2486 corpus
617 2434 746 2474 diebus
758 2435 931 2473 omnibus
950 2432 1141 2472 scortando
1153 2431 1321 2474 foedasse?
1336 2447 1503 2523 manudrm

1465 2497 1504 2525 te

1508 2626 1526 2634 „-
