1591 2775
223 17 299 67 '604
659 23 1181 63 LIBRITERTII

223 98 290 122 eos
304 83 474 129 anim0‚s1
487 80 584 126 forte
596 87 938 140 refipiscant.Qafi
950 87 1039 125 vero
1052 88 1266 139 patientiam
1279 90 1363 127 Deo
1374 89 1511 130 tribuat

21 150 23 158 ·
49 160 84 203 2
94 162 118 200 'b
132 177 148 200 e
168 162 175 165 -
226 136 449 188 Paulus,qua
460 151 592 177 eorum
603 141 880 178 conuerfionem
894 141 1064 190 expectet
1076 153 1168 191 quos
1179 140 1268 177 dicit
1279 153 1422 191 aptatos
1434 140 1509 180 effe

87 180 97 200 ¹
121 192 130 201 ⁴
149 179 201 202 ⁰¹²⁸
225 188 271 227 ad
281 189 482 228 interitum.
504 189 622 232 Recte
635 195 731 230 enim
746 193 1096 242 Augustinuslocum
1115 193 1208 229 hunc
1220 193 1400 242 explicans
1413 221 1423 238 ,
1445 195 1508 231 vbi

226 242 396 292 potentia
410 243 612 282 tolerantiae
622 244 829 297 adiungitur
842 271 852 286 ‚
868 248 989 282 Deum
1002 259 1074 281 non
1089 245 1200 282 {inere
1214 272 1223 288 ,
1237 243 1293 282 sed
1309 248 1439 284 virtute
1448 247 1511 285 sua

49 278 141 321 “7⁶5
226 293 576 334 moderari.Addunt
591 298 702 334 etiarn
715 310 792 333 non
805 296 868 334 abs
880 310 919 333 re
933 297 1012 333 vasa
1025 298 1085 334 irae
1098 295 1165 333 dici
1180 308 1350 347 apparata
1359 297 1510 336 adinte-

226 345 436 389 ritum,vasa
446 360 568 385 antem
582 347 837 385 miiericordiae
850 351 969 387 Deum
985 345 1298 399 praeparaffetquia
1312 348 1381 386 hoc
1394 350 1511 388 modo

225 399 348 436 salutis
361 398 506 436 laudem
519 402 602 437 Deo
612 399 781 437 adscribit
793 405 827 437 &
842 401 1019 438 vendicat:
1032 401 1246 451 perditionis
1264 400 1407 451 culpam
1422 404 1510 440 reii-

225 451 320 487 cirin
333 463 396 487 eos
408 453 468 499 qui
482 454 631 502 proprio
643 452 796 489 arbitrio
808 453 922 502 ipsam
933 452 999 490 fibi
1010 453 1280 490 accersunt.Sed
1292 467 1326 490 vr
1339 453 1409 491 illis
1421 465 1511 491 con·

225 501 354 539 cedam
369 502 507 540 diuersa
519 503 692 555 loquendi
703 502 821 541 forma
834 504 983 543 Paulum
1003 506 1235 554 asperitatem
1250 506 1364 542 lenire
1377 508 1510 556 prioris

225 553 383 593 membri
399 551 570 592 :minime
582 560 705 592 tamen
717 555 1004 593 consentaneum
1017 558 1198 606 est,praepa
1205 561 1383 595 rationem
1398 558 1443 595 ad
1456 560 1511 595 in-

226 609 375 644 teritum
387 605 460 644 alio
475 605 668 644 transferre
679 606 787 657 quarn
799 609 841 645 ad
851 610 984 645 arcanii
997 609 1184 645 confilium
1198 611 1384 659 Dei:quod
1400 612 1512 648 etiam

226 655 339 709 paulo
349 654 432 696 ante
448 660 485 696 in
497 672 674 696 contextu
683 657 858 702 ass'eritur,
876 658 998 711 Qod
1009 663 1110 698 Deus
1122 663 1337 699 excitauerit
1351 663 1515 700 Pharao-

225 723 310 748 nem
326 736 336 750 ‚
358 709 490 748 deinde
502 724 596 760 quos
609 711 855 750 vultinduret.
881 712 983 749 Vnde
997 712 1158 761 sequ1tur
1170 713 1425 751 absconditum
1443 715 1515 751 Dei

50 797 54 802 ,
92 801 96 806 ,
231 762 428 799 confilium
452 762 707 800 obdurationis
729 761 800 801 effe
814 765 965 800 causam.
992 766 1079 801 Hoc
1100 763 1226 802 saltem
1241 765 1397 803 obtineo
1408 764 1512 817 quod

51 796 127 836 ²²3²·
139 792 206 834 'A‘
227 813 338 851 tradit
348 816 567 868 Augustinus
580 842 590 857 ‚
602 816 659 852 vbi
673 829 715 854 ex
728 815 824 866 lupis
838 819 938 853 Deus
949 829 1037 854 oues
1049 814 1138 854 facit
1148 843 1157 858 ,
1173 818 1288 867 gratia
1299 820 1514 868 potentiore

46 847 190 903 ff‘d‘ffl·
227 878 291 903 eos
311 865 536 913 reformare,
561 881 600 905 vt
622 868 795 906 dometur
817 881 947 906 eorum
960 868 1124 906 durities.
1146 864 1515 919 proinde'obstinatos

54 910 206 941 Sama-²
226 917 314 956 ideo
326 932 402 956 non
424 922 611 958 conuertit
621 923 709 972 quia
731 924 985 970 potentiorem
1004 919 1107 958 illam
1117 921 1274 973 gratiam
1296 935 1373 960 non
1396 923 1516 960 exerit

226 973 420 1017 Deus‚qua
429 985 503 1009 non
517 971 720 1010 destituitur
731 973 756 1009 fi
769 985 850 1010 eam
865 970 1032 1023 proferre
1047 972 1171 1010 vellet.

280 1038 301 1061 2
355 1024 445 1063 Haec
457 1024 604 1073 quidem
617 1026 685 1076 piis
700 1029 735 1062 Sc
748 1025 919 1062 modestis
940 1025 1087 1062 abunde
1100 1022 1304 1063 sufficerent
1316 1052 1327 1070 ‚
1354 1029 1388 1064 8<
1403 1026 1463 1075 qui
1479 1025 1516 1064 se

226 1075 400 1113 homines
410 1076 824 1129 reminiscuntur..Qia
836 1089 961 1114 tamen
976 1091 1051 1114 non
1064 1090 1173 1115 vnam
1185 1078 1342 1128 speciem
1357 1078 1520 1116 virulen.

225 1130 253 1167 ti
266 1129 319 1164 isti
332 1140 438 1165 canes
452 1142 628 1166 euomunt
638 1142 765 1167 contra
788 1132 910 1167 Deum
926 1156 937 1172 ,
959 1128 1005 1166 ad
1014 1130 1170 1181 singulas
1182 1157 1192 1174 ,
1214 1143 1326 1180 prout
1337 1143 1393 1167 res
1406 1129 1515 1173 feret.

224 1180 541 1231 respondebimus.
573 1182 705 1219 Multis
717 1180 835 1219 modis
848 1194 930 1219 cum
952 1184 1037 1218 Deo
1059 1183 1209 1233 litigant
1220 1182 1317 1219 stulti
1330 1182 1516 1225 homines,

222 1231 321 1282 quafi
336 1246 417 1270 eum
435 1245 584 1271 teneant
600 1233 669 1271 suis
682 1233 1002 1270 criminationibus
1015 1233 1235 1271 obnoxium.
1248 1231 1409 1271 Primum
1424 1247 1517 1287 ergo

222 1286 456 1338 interrogant
467 1298 541 1333 quo
562 1286 642 1323 iure
659 1287 724 1323 suis
737 1287 912 1324 creaturis
926 1285 1094 1324 irascatur
1115 1287 1297 1323 Dominus
1312 1313 1321 1329 ‚
1344 1287 1363 1324 a
1384 1288 1516 1336 quibus

221 1336 325 1376 nulla
338 1335 422 1375 ante
435 1335 574 1375 offensa
592 1350 819 1389 prouocatus
832 1336 956 1375 fuerit.
979 1351 1062 1375 nam
1076 1340 1193 1376 exitio
1216 1337 1408 1376 deuouere
1422 1351 1518 1389 quos

221 1388 412 1441 placuerit,
423 1392 567 1441 tyranni
582 1392 695 1441 magis
711 1389 867 1431 libidini,
883 1387 989 1440 quam
1003 1390 1176 1441 legitimae
1189 1390 1319 1427 iudicis
1333 1390 1520 1428 sententiae

225 1444 436 1481 conuenire.
459 1438 538 1480 Effe
550 1444 663 1492 igitur
674 1455 735 1480 cur
745 1455 827 1480 cum
842 1444 927 1479 Deo
940 1443 1172 1493 expostulent
1186 1440 1369 1484 homines,
1383 1442 1407 1478 fi
1418 1441 1518 1480 nudo

228 1495 306 1531 eius
319 1494 471 1531 arbitrio
482 1521 492 1537 ‚
507 1496 595 1532 citra
608 1496 795 1545 proprium
810 1496 984 1531 meritum
1001 1496 1037 1531 in
1060 1507 1230 1532 aeternam
1253 1507 1412 1532 mortem
1427 1508 1519 1545 prae—

225 1546 464 1584 destinantur.
498 1547 681 1584 Eiusmodi
696 1548 945 1602 cogitationes
971 1546 1145 1596 fiquando
1160 1549 1227 1596 piis
1254 1545 1465 1583 hominibus
1480 1548 1518 1583 in

223 1610 391 1636 mentem
406 1601 553 1636 veniant
568 1626 577 1640 ‚
590 1599 634 1637 ad
645 1598 866 1651 frangendos
880 1611 1004 1636 earum
1018 1597 1191 1649 impulsus
1205 1625 1215 1641 ,
1230 1599 1285 1636 vel
1296 1597 1367 1635 hoc
1380 1611 1452 1635 vno
1464 1597 1524 1636 sa-

223 1654 270 1689 tis
284 1650 537 1693 armabuntur,
551 1651 574 1688 fi
591 1664 763 1702 reputent
775 1663 919 1701 quantae
931 1651 972 1688 fit
984 1651 1239 1701 improbitatis,
1254 1648 1373 1688 causas
1387 1649 1520 1688 diuinae

220 1703 429 1741 voluntatis
442 1703 620 1741 duntaxat
634 1706 841 1754 percontari
859 1715 993 1754 :quum
1004 1704 1171 1740 omnium
1186 1716 1266 1756 quae
1280 1701 1374 1744 sunt,
1389 1701 1463 1752 ipsa
1475 1702 1518 1740 fit

223 1753 345 1799 causa,
361 1760 394 1793 &
408 1756 544 1794 merito
559 1753 630 1794 effe
643 1756 792 1794 debeat.
806 1757 907 1793 Nam
921 1756 944 1791 fi
960 1755 1068 1792 vllam
1083 1756 1223 1792 causam
1237 1754 1361 1796 habet,
1376 1754 1518 1803 aliquid

224 1821 304 1846 eam
317 1809 510 1846 antecedat
525 1810 745 1858 oportet,cui
760 1808 875 1845 veluti
887 1808 1059 1862 alligetur
1074 1823 1082 1843 :
1096 1807 1198 1857 quod
1210 1806 1312 1844 nefas
1329 1806 1377 1843 cst
1389 1807 1518 1858 imagi-

51 1866 126 1900 Hoe
136 1874 176 1897 ex
225 1862 315 1898 nari.
329 1860 436 1900 Adeo
449 1863 545 1898 enim
559 1862 698 1898 summa
710 1861 761 1897 est
773 1861 916 1898 iustitiae
926 1860 1051 1911 regula
1064 1862 1135 1897 Dei
1153 1860 1320 1897 voluntas
1336 1885 1345 1901 ‚
1362 1871 1401 1896 vt
1412 1862 1519 1910 quic-

52 1913 207 1966 Amsum
223 1912 312 1963 quid
325 1913 413 1955 vult,
433 1927 478 1950 eo
492 1913 569 1964 ipso
582 1912 681 1962 quod
694 1913 783 1955 vult,
798 1914 928 1950 iustum
942 1911 1154 1949 habendum
1168 1911 1221 1948 fit.
1236 1912 1303 1948 Vbi
1317 1924 1407 1964 ergo
1421 1923 1518 1960 qua?-

47 1965 206 2018 ptfo'ltba.
225 1967 314 2002 titur
328 1978 389 2002 cur
403 1968 452 2002 ita
473 1965 602 2003 fecerit
624 1968 834 2007 Dominus,
862 1963 1154 2013 respondendum
1168 1964 1218 2000 est
1231 1989 1241 2005 ‚
1266 1963 1370 2014 Qia
1384 1964 1516 2001 voluit.

51 2016 94 2055 eie
103 2024 187 2055 Gen.
225 2015 346 2069 Qod
358 2017 382 2054 fi
394 2017 485 2054 vltra
497 2030 626 2072 pergas
641 2017 807 2068 rogando
821 2030 883 2054 cur
895 2016 1054 2053 voluerit
1065 2043 1074 2057 ‚
1088 2019 1208 2053 maius
1231 2015 1368 2065 aliquid
1382 2017 1513 2066 quaeris

53 2077 208 2108 con.Ma-
228 2075 261 2107 ἃ
276 2069 465 2108 iublimius
479 2072 550 2107 Dei
563 2070 752 2108 voluntate
767 2096 777 2111 ,
801 2069 903 2118 quod
923 2070 1079 2106 inueniri
1103 2082 1177 2104 non
1193 2069 1322 2117 potest.
1347 2070 1518 2118 (Σαπφε-

53 2124 205 2171 nich.ea.3
228 2124 301 2160 scat
313 2124 424 2174 igitur
435 2122 469 2160 se
482 2121 643 2161 humana
657 2124 860 2163 temeritas,
879 2125 913 2157 &
929 2120 1028 2170 quod
1040 2135 1112 2157 non
1125 2121 1173 2156 est
1187 2133 1232 2157 ne
1247 2132 1381 2169 quaerat
1399 2135 1406 2157 :
1422 2133 1458 2156 vt
1471 2132 1517 2156 ne

227 2173 324 2213 forte}
337 2174 371 2211 id
386 2173 484 2224 quod
497 2176 544 2211 est
557 2188 630 2210 non
647 2175 821 2210 inueniat.
837 2171 1219 2222 Hoc,inquarn,fraeno
1232 2171 1328 2208 bene
1345 2174 1518 2212 contine-

227 2226 326 2264 bitur
337 2228 496 2276 quisquis
512 2226 557 2262 de
571 2228 707 2262 arcanis
730 2227 798 2262 Dei
814 2224 861 2262 sui
875 2237 956 2261 cum
970 2227 1176 2261 reuerentia
1189 2224 1435 2275 philosophari
1449 2237 1516 2259 vo-

228 2279 295 2323 let.
307 2275 489 2316 Aduersus
500 2281 696 2329 impiorum
710 2276 1069 2324 audaciam‚quiDeo
1082 2275 1199 2326 palam
1213 2275 1428 2313 maledicere
1442 2288 1517 2312 non

229 2329 433 2368 formidant
447 2358 456 2373 ,
470 2333 649 2368 Dominus
662 2330 734 2380 ipse
749 2329 807 2365 sua
822 2329 1047 2370 iustitia‚fine
1064 2331 1187 2365 nostro
1201 2331 1419 2379 patrocinio,
1433 2327 1516 2364 satis

230 2384 266 2422 se
279 2382 449 2420 defendet
461 2409 470 2424 ,
495 2396 608 2432 quum
623 2395 751 2418 eorum
766 2381 994 2418 conscientiis
1007 2394 1158 2417 omnem
1173 2380 1516 2430 tergiuersationem

231 2435 426 2474 adimendo
439 2437 649 2484 „conuictas
670 2434 819 2486 stringet
833 2459 844 2476 ,
866 2430 1018 2484 reisque
1040 2445 1207 2484 peraget.
1238 2435 1370 2484 Neque
1391 2444 1517 2470 tamen

1414 2496 1518 2521 com·

51 220 175 264 Iulu.5.
