1591 2775
67 223 171 273 'Zist-
191 239 223 264 2.

70 292 93 316 'a
125 285 187 314 Ja-

69 344 165 381 puar-

203 1066 205 1068 .
244 1014 306 1056 me
320 1017 488 1056 Fundatus
502 1019 694 1056 inuenitur.

235 8 303 60 '⁷¹4
430 12 434 13 ⁷
591 13 806 54 lIBRI
852 14 1204 68 vatrrff

235 77 392 115 Atinter
410 73 505 128 ipsos
524 75 716 129 scriptores
737 93 814 117 non
835 81 972 119 constat
995 84 1074 129 quis
1095 79 1206 119 fuerit
1227 77 1524 135 succeffortquia

235 129 302 168 alii
315 130 448 168 Linum
462 157 471 173 ,
484 129 547 167 alii
559 132 793 171 Clementem
813 131 963 171 faciunt.
989 135 1032 171 Et
1046 133 1174 171 multas
1194 132 1365 173 absurdas
1379 134 1522 175 fabulas

237 193 386 219 narrant
399 182 444 219 de
466 181 824 233 disputationeinter
845 199 929 223 eum
944 190 977 222 ὅτ
1002 187 1186 223 Simonem
1212 199 1358 239 magum
1382 186 1521 227 habita.

239 235 320 273 Nec
332 232 527 273 dissimulat
541 237 776 289 Augustinus,
788 236 832 274 de
847 238 1155 286 superstitionibus
1172 237 1369 289 disputans,
1387 252 1431 276 ex
1443 242 1527 291 opi-

238 288 352 324 nione
365 298 505 325 temere
517 300 692 338 concepta
704 301 849 326 morem
865 293 997 328 Ronzae
1010 285 1205 328 moleuisse
1219 317 1228 333 ,
1243 304 1289 328 ne
1302 305 1348 329 eo
1362 291 1420 329 die
1434 294 1526 329 ieiu-

237 347 369 376 narent
379 352 453 390 quo
464 339 627 387 palmam
650 341 821 378 retulerat
835 343 962 379 Petrus
976 341 1021 379 de
1043 345 1195 380 Simone
1208 355 1332 394 mago.
1354 346 1529 395 Denique

238 404 295 430 res
308 391 404 429 illius
418 393 597 443 temporis
619 394 670 429 ita
682 391 761 430 sunt
770 394 986 444 opinionum
1012 397 1184 432 varietate
1199 396 1386 446 implicitae
1399 407 1436 433 vt
1449 410 1526 433 non

239 456 380 481 temere
391 442 568 481 adhibe'da
580 444 621 481 fit
633 442 722 482 fides
734 471 744 488 ‚
757 444 814 482 vbi
828 445 963 492 aliquid
975 445 1142 497 scriptum
1156 446 1323 498 legimus.
1346 449 1390 485 Et
1403 459 1528 485 tamen

239 508 392 548 propter
404 494 499 534 hunc
522 495 736 546 scriptorum
750 496 962 535 consensum
975 524 985 540 ,
1001 512 1075 535 non
1091 512 1216 553 pugno
1239 501 1324 550 quin
1336 499 1412 537 illic
1424 513 1529 537 mor-

241 560 323 586 tuus
335 547 444 585 fuerit
458 561 466 584 ε
482 546 539 585 sed
553 547 772 598 Episcopum
785 546 904 591 fuiffe,
917 550 1112 598 praesertim
1129 551 1243 603 longo
1260 564 1529 602 tempore,per-

241 600 382 638 suaderi
395 612 554 649 nequeo.
570 602 700 649 Neque
713 600 749 637 id
762 603 876 638 etiam
891 601 1047 638 multum
1059 614 1184 639 moror
1198 618 1206 640 ι
1219 604 1367 653 quando
1381 605 1531 642 testatur

243 652 379 692 Paulus
394 653 490 688 Petri
505 652 760 702 Apostolatum
774 653 1005 702 peculiariter
1014 653 1058 691 ad
1071 654 1210 692 Iudaeos
1224 655 1529 706 pertinere‚suum

242 705 334 743 vero
347 704 390 741 ad
404 718 481 740 nos.
494 705 651 741 Proinde
662 716 696 741 vt
712 704 862 742 societas
878 705 939 741 illa
952 717 1064 755 quam
1079 708 1171 743 inter
1184 708 1217 744 se
1230 708 1327 758 paci-i
1342 706 1438 749 sunt,
1452 720 1531 745 rata

244 756 340 807 apud
354 769 419 793 nos
429 756 470 792 fit
482 782 492 799 ,
506 754 582 793 imo
594 783 604 799 ‚
617 768 655 794 vt
669 758 817 808 Spiritus
830 757 940 795 saneta·
954 756 1141 795 ordinatio
1162 758 1269 796 firma
1280 759 1375 808 apud
1388 772 1453 797 nos
1467 759 1530 796 ha-

243 809 388 850 beatur,
404 810 437 844 in
449 809 549 845 Pauli
564 809 821 859 Apostolatum
835 813 953 864 magis
965 807 1072 859 quam
1095 812 1188 847 Petri
1201 810 1378 862 respicere
1391 825 1458 848 nos
1471 812 1534 848 εὸ-

244 862 361 903 uenit,
374 861 551 908 liquidem
565 874 615 898 ita
628 865 724 898 inter
736 874 797 898 eos
810 866 1013 912 prouincias
1027 861 1145 900 diuisit
1157 865 1305 913 Spiritus
1319 864 1456 901 sanE‘tus
1469 892 1478 905 ‚
1496 876 1534 901 vt

245 915 395 952 Petrum
409 913 549 956 Iudaeis,
568 914 674 950 nobis
689 913 840 951 Paulum
853 914 1059 951 destinaret.
1083 915 1194 951 Nunc
1207 917 1332 965 itaque
1345 915 1448 953 suum
1463 916 1535 965 pri-

243 978 389 1003 matum
404 965 494 1003 alibi
506 978 664 1016 quaerant
682 967 931 1006 Romanenses
945 964 1053 1017 quam
1069 968 1106 1003 in
1122 967 1236 1006 verbo
1249 970 1344 1012 Dei,
1355 968 1414 1007 vbi
1427 967 1536 1005 mini·

300 1080 339 1108 16
391 1072 588 1108 Veniamus
601 1083 696 1108 nunc
715 1068 760 1108 ad
774 1069 969 1109 Ecclesiam
994 1084 1159 1109 veterem
1176 1099 1184 1114 ‚
1199 1084 1235 1110 vt
1248 1071 1368 1122 palam
1386 1083 1535 1124 quoque

245 1119 335 1166 fiat,
349 1125 425 1160 eius
437 1121 608 1174 suffragio
631 1137 704 1160 non
715 1124 832 1160 minus
854 1136 997 1161 temere
1014 1129 1047 1162 &
1071 1122 1161 1161 false>
1184 1122 1369 1176 superbire
1391 1126 1534 1162 nostros

246 1173 596 1225 aduersari05‚quam
611 1177 821 1213 testimonio
832 1176 932 1213 verbi
945 1177 1031 1214 Dei.
1045 1176 1179 1228 Qum
1194 1179 1316 1227 itaque
1328 1177 1428 1215 suum
1442 1174 1535 1213 illud

245 1231 394 1265 axioma
405 1227 537 1265 iactant
550 1255 560 1270 ,
574 1241 646 1264 non
659 1227 763 1265 aliter
775 1229 929 1265 cotineri
948 1228 1111 1266 Ecclefiae
1124 1230 1299 1266 vnitatem
1313 1224 1413 1278 poffe
1425 1225 1533 1278 quam
1582 1276 1589 1277 ἶ

245 1281 272 1318 fi
287 1293 393 1317 vnum
408 1280 447 1317 fit
459 1282 494 1316 in
510 1281 610 1317 terris
623 1281 828 1329 supremum
842 1292 962 1329 caput,
976 1281 1031 1317 cui
1049 1281 1219 1317 membra
1232 1282 1360 1318 omnia
1375 1292 1534 1329 pareant:
1568 1299 1569 1302 ¹

246 1331 409 1383 ideo'que
424 1334 630 1369 Dominum
645 1333 808 1375 Petr0‚&
824 1331 956 1370 deinde
970 1330 1201 1370 succeffionis
1216 1334 1293 1369 iure
1305 1332 1376 1369 sedi
1393 1334 1538 1370 Roma·
1569 1347 1570 1351 ¹

246 1399 302 1423 nae
315 1380 448 1421 dediffe
462 1386 667 1434 primatum,
683 1397 719 1422 vt
731 1385 767 1420 in
779 1397 822 1421 ea
834 1383 942 1434 vsque
952 1385 996 1422 ad
1009 1383 1120 1421 finem
1133 1384 1288 1422 refideat
1302 1399 1310 1421 :
1324 1383 1485 1423 afferunt
1498 1382 1536 1421 id
1570 1423 1571 1426 ,

246 1433 349 1474 fuiffe
360 1438 405 1474 ab
418 1438 524 1474 initio
536 1436 678 1486 semper
692 1435 795 1473 obser
803 1448 941 1473 uatum,
958 1438 1154 1488 Qoniam
1168 1449 1294 1473 autem
1308 1436 1426 1475 multa
1436 1437 1534 1474 testi-

245 1492 371 1528 monia
384 1501 572 1540 perperam
585 1488 807 1538 detorquent
818 1515 829 1530 ,
845 1487 916 1525 hoc
929 1490 1019 1537 prim
1027 1486 1087 1525 iim
1111 1487 1249 1538 praefari
1266 1488 1350 1526 volo
1363 1513 1375 1531 ,
1387 1501 1448 1526 me
1461 1501 1537 1526 non
1572 1535 1573 1538 Ἰ

245 1554 382 1592 negare
395 1545 481 1591 quin
505 1553 682 1596 magnum
696 1543 879 1579 Romanae
904 1540 1066 1578 Ecclefiae
1078 1540 1257 1578 honorem
1281 1540 1419 1591 vbique
1434 1538 1536 1578 defe-
1571 1543 1573 1593 ζ

245 1607 327 1632 rant
339 1606 477 1631 veteres
492 1620 502 1636 ,
515 1591 799 1642 reuerente'rque
809 1593 854 1629 de
866 1605 908 1630 ea
918 1593 1130 1643 loquantur.
1153 1591 1274 1644 Qod
1287 1593 1405 1630 tribus
1419 1593 1539 1629 maxi·
1573 1635 1574 1640 ¹

246 1643 309 1684 me
323 1645 366 1684 de
379 1645 490 1684 causis
502 1644 582 1682 fieri
594 1646 763 1682 arbitror.
787 1646 927 1695 Opinio
940 1646 1039 1682 enim
1051 1646 1113 1682 illa
1126 1672 1135 1688 ,
1147 1657 1227 1693 quae
1240 1642 1361 1682 nescio
1376 1656 1538 1695 quomo·
1573 1641 1574 1656 ³

248 1698 297 1736 do
310 1698 515 1736 inualuerat
527 1724 537 1740 ‚
551 1697 740 1735 fundatam
756 1701 789 1734 &
802 1698 1037 1735 constitutam
1061 1710 1140 1735 eam
1157 1693 1257 1734 suiffe
1270 1697 1366 1735 Petri
1377 1697 1538 1734 ministe-

249 1751 368 1794 rio,ad
379 1749 642 1789 conciliandam
656 1750 814 1802 gratiam
830 1753 862 1786 &
877 1748 1144 1788 authoritatem
1157 1749 1354 1800 plurimum
1369 1747 1535 1787 valebat.

249 1805 373 1854 itaque
385 1805 422 1841 in
445 1801 651 1842 Occidente
671 1799 768 1840 sedes
781 1802 994 1853 Apostolica
1008 1828 1019 1843 ,
1033 1801 1184 1839 honoris
1198 1801 1303 1839 causa
1323 1801 1536 1840 vocabatur.

251 1855 399 1895 Deinde
411 1868 520 1905 quum
535 1854 608 1892 illic
621 1851 709 1892 esset
722 1865 831 1904 caput
843 1855 1000 1905 imperii,
1016 1858 1049 1891 &
1064 1853 1131 1891 hac
1141 1854 1282 1891 ratione
1293 1852 1469 1890 credibile
1484 1851 1541 1890 es-

253 1909 304 1946 set
318 1935 328 1950 ‚
342 1909 606 1958 praestantiores
628 1919 707 1944 tum
720 1906 887 1944 doctrina
902 1933 912 1949 ,
923 1918 1001 1943 tum
1016 1905 1206 1957 prudentia
1218 1930 1228 1947 ,
1240 1917 1319 1942 tum
1333 1908 1463 1953 peritia
1475 1931 1486 1947 ,
1499 1908 1538 1942 «Sc

252 1961 454 2000 multarum
467 1973 589 1997 rerum
602 1958 661 1998 vsu
675 1986 684 2002 ‚
696 1959 792 1995 viros
806 1958 880 1997 illic
893 1955 964 1996 effe
980 1956 1088 2008 quam
1112 1956 1200 1995 alibi
1212 1957 1357 2007 vsquam
1374 1959 1471 1994 :eius
1484 1957 1538 1994 rei
1581 1987 1582 1990 ,

254 2011 392 2051 merito
412 2012 618 2050 habebatur
629 2013 727 2048 ratio
741 2037 749 2052 ,
763 2023 809 2048 ne
822 2015 856 2047 &
882 2009 978 2048 vrbis
1000 2007 1172 2048 nobilitas
1195 2013 1229 2046 δε
1247 2009 1317 2046 alia
1338 2012 1449 2047 etiam
1463 2009 1543 2046 Dei

253 2066 349 2104 dona
364 2062 484 2102 multo
512 2063 775 2103 excellentiora
785 2064 977 2100 contemni
992 2061 1211 2101 viderentur.
1237 2060 1393 2099 Accessit
1404 2060 1452 2098 ad
1463 2061 1538 2099 haec
1583 2094 1584 2099 ,

258 2122 294 2157 δ(
306 2119 455 2155 tertium
470 2143 479 2158 ,
494 2113 592 2167 quod
603 2128 717 2166 quum
733 2114 944 2159 Orientales
969 2118 1001 2151 &
1017 2119 1148 2152 Graecae
1160 2113 1319 2151 Ecclefiae
1333 2140 1342 2156 ,
1362 2111 1541 2151 Africanae

258 2172 368 2209 etiam
384 2197 392 2213 ‚
405 2169 529 2206 multis
542 2169 759 2218 opinionum
776 2163 1047 2204 dissentionibus
1063 2169 1159 2204 inter
1170 2166 1206 2203 se
1216 2165 1540 2208 tumultuarentur,

257 2221 334 2261 haec
347 2221 506 2260 sedatior
519 2220 596 2258 aliis
611 2223 645 2256 &
658 2221 733 2255 min
741 2214 780 2256 us
797 2218 1009 2257 turbulenta
1023 2217 1142 2256 fuerit.
1164 2222 1217 2255 Ita
1229 2215 1365 2255 fastum
1378 2218 1427 2256 est
1438 2231 1476 2255 vt
1488 2218 1541 2268 pii
1586 2234 1591 2242 Α

261 2279 293 2313 8(
310 2272 418 2311 sancti
430 2273 595 2324 Episcopi
609 2299 619 2315 ,
636 2270 776 2308 sedibus
788 2269 856 2307 suis
869 2271 955 2320 pulfi
969 2297 979 2313 ,
992 2271 1079 2308 illuc
1092 2270 1126 2308 se
1137 2270 1252 2308 veluti
1274 2271 1312 2306 in
1325 2269 1465 2316 asylum
1477 2281 1543 2308 aut
1586 2282 1591 2320 ᾗ,

259 2338 406 2379 portum
424 2322 606 2375 quendam
629 2323 718 2373 saepe
731 2325 945 2373 reciperent.
967 2325 1066 2361 Nam
1080 2320 1154 2374 quo
1174 2319 1288 2360 minus
1301 2334 1408 2360 acuto
1433 2325 1465 2360 ἃ·
1481 2333 1540 2360 ce-
1585 2325 1591 2371 ,j

259 2380 326 2417 leri
341 2379 492 2431 ingenio
515 2376 596 2414 sunt
609 2373 870 2415 Occidentales
897 2374 1056 2413 Afiaticis
1074 2379 1107 2420 ὃς
1132 2373 1228 2412 Afris
1243 2401 1254 2418 ‚
1267 2387 1313 2412 eo
1326 2377 1439 2413 etiam
1461 2372 1542 2412 sunt
1586 2375 1591 2401 'f

262 2444 384 2471 rerum
395 2442 575 2469 nouarum
586 2423 706 2468 minus
717 2426 851 2478 cupidi.
865 2428 950 2466 Hoc
962 2440 1052 2481 ergo
1065 2430 1242 2469 Romanae
1254 2426 1416 2467 Ecclefiae
1429 2425 1543 2478 pluri-
1587 2424 1591 2479 ’ἶ

1438 2489 1544 2516 mum
1588 2487 1590 2494 '
