1591 2775
499 27 750 70 CAPVT'
796 31 945 70 xx>
1302 28 1366 81 535

74 97 231 138 tatione.
246 96 412 149 Exempli
423 97 557 149 gratia,
575 98 667 135 Non
679 93 795 134 modo
810 98 946 133 castum
959 91 1103 134 seruare
1114 96 1280 134 animum
1294 109 1365 147 pu-

76 152 230 203 rumque
238 151 285 190 ab
306 152 411 188 omni
421 148 584 192 libidine,
596 151 697 187 Deus
711 149 881 199 praecipit,
895 147 952 185 sed
965 148 1153 198 quanlibet
1165 148 1365 188 verborum

75 203 350 242 obscoenitatem
375 206 408 240 &
441 213 628 240 externam
648 199 834 238 lasciuiam
859 199 1043 250 prohibet.
1064 201 1182 238 Huius
1196 200 1285 253 legis
1295 200 1364 239 ob-

72 254 430 298 seruationi,etiamfi
442 253 561 291 nullus
575 256 611 290 in
624 252 762 291 mundo
775 251 891 290 homo
901 254 1040 290 viueret
1050 252 1271 290 conscientia
1281 265 1365 292 mea

71 308 273 348 subiicitur.
299 309 353 344 Ita
364 309 427 358 qui
439 304 475 342 se
486 306 780 356 intemperanter
792 307 889 355 gerit
903 332 913 347 ,
926 318 1002 341 non
1016 301 1157 342 tantum
1176 318 1223 342 eo
1236 317 1375 356 peccat.

73 358 179 411 quod
190 359 330 398 malum
343 357 552 409 exemplum
567 356 706 408 praebet
721 356 894 394 fratribus
909 372 918 395 ε
932 357 993 395 sed
1003 356 1266 395 conscientiam
1280 370 1365 395 rea·

69 423 114 451 tu
125 411 335 452 obstristam
358 408 471 448 habet
480 410 575 461 apud
594 412 736 448 Deum.
758 410 846 446 Alia
860 410 896 447 in
916 409 1024 447 rebus
1036 421 1101 456 per
1123 410 1157 447 se
1169 409 1297 447 mediis
1312 410 1364 447 est

69 466 176 503 ratio.
199 464 392 501 Abstinere
404 463 502 499 enim
515 462 689 499 debemus
704 461 751 511 fiq
759 460 832 499 uod
844 463 989 513 patiant
999 459 1287 499 offendiculum:
1302 459 1363 499 sed

68 516 184 554 libera
197 515 428 553 conscientia.
444 518 498 551 Ita
509 514 553 551 de
563 527 670 551 carne
685 513 793 551 idolis
809 515 1016 552 consecrata
1034 513 1166 552 Paulus
1184 514 1363 563 loquitur.
1378 513 1554 555 1.Co.ro.“‘

67 570 184 620 Siquis
197 569 332 608 iniiciat
344 565 707 618 scrupulum(inquir)
716 566 791 603 noli
804 568 1159 617 attingere‚propter
1170 568 1352 604 conscien-
1370 570 1447 619 f,28

67 621 172 659 tiam.
191 622 284 657 Dico
297 631 419 658 autem
431 618 707 661 conscientiam,
720 632 795 655 non
808 630 922 661 tuam,
936 618 997 656 sed
1007 618 1167 659 alterius.
1188 620 1360 657 Peccaret

66 671 184 710 homo
195 670 332 713 fidelis,
351 676 413 722 qui
426 668 521 722 prius
534 670 740 709 admonitus
753 697 762 712 ,
776 670 955 708 eiusmodi
966 683 1110 708 carnem
1123 670 1361 710 nihilominus

68 723 279 762 ederet.Sed
292 736 474 774 vrcunque
485 721 606 761 fratris
619 722 784 774 respec‘tu
796 720 991 760 neceffaria
1004 722 1058 760 illi
1070 723 1112 761 fit
1125 722 1360 769 abstinentia,

68 789 108 816 vr
121 776 141 813 ὲ
152 779 235 816 Deo
248 775 490 827 praescribirur
502 802 510 818 ,
527 789 601 813 non
616 787 741 813 tamen
755 774 984 812 conscientiae
997 775 1209 814 libertatem
1223 776 1364 814 retine-

65 841 108 867 re
118 829 260 868 definit.
268 827 488 867 Videmusvt
499 828 559 866 lex
571 829 635 866 ista
649 839 846 866 externum
856 840 950 879 opus
965 827 1362 886 ligans,conscientiam

67 881 227 920 solutam
239 879 433 931 relinquat.

162 952 234 997 De
248 953 806 1017 Oratione,quaepraecipuam
819 950 873 1011 est
875 951 985 1014 fidei
995 953 1262 1004 exerciti22‘2&
1275 967 1362 1015 qna

219 1020 306 1063 Dei
316 1015 505 1078 beneficia
515 1017 959 1081 quotidiepercipimus.
1067 1033 1098 1063 c
1125 1035 1153 1063 A
1184 1035 1225 1064 P.
1265 1036 1295 1065 x
1318 1037 1362 1068 x.

234 1096 255 1119 x
284 1094 313 1120 H
333 1094 347 1119 1
370 1095 385 1118 s
407 1095 485 1132 quae
498 1081 672 1120 hacienus
686 1081 863 1132 disputata
876 1081 1048 1125 sunt,non
1062 1081 1214 1121 obscure
1225 1085 1362 1135 perspi-

230 1135 343 1171 cimus
356 1133 462 1184 quam
485 1134 528 1171 fit
541 1134 657 1172 homo
679 1133 864 1172 bonorum
877 1136 1043 1173 omnium
1067 1148 1206 1188 egenus
1221 1147 1263 1172 ac
1279 1137 1360 1182 ina-

232 1188 285 1223 nis
300 1213 310 1228 ,
324 1183 500 1237 vtqueilli
522 1187 649 1223 omnia
665 1185 780 1224 defint
802 1186 922 1224 salutis
943 1186 1168 1225 adiumenta.
1190 1187 1321 1239 Qare
1333 1188 1360 1225 fi

66 1240 233 1292 praesidia
247 1239 376 1289 quaerit
387 1238 521 1287 quibus
534 1240 668 1288 inopiae
683 1239 751 1276 suae
764 1240 1062 1283 succurrat,extra
1077 1239 1113 1276 se
1126 1252 1234 1277 exeat
1246 1252 1361 1290 opor-

65 1296 176 1336 tet,&
192 1290 339 1328 aliunde
349 1303 392 1329 ea
404 1290 471 1328 fibi
483 1303 687 1341 comparet.
705 1293 792 1328 Hoc
803 1291 929 1341 postea
943 1291 1049 1328 nobis
1062 1292 1281 1342 explicatum
1295 1292 1358 1335 est,

67 1345 288 1382 Dominum*
299 1343 371 1381 sese
383 1343 478 1381 vltro
491 1355 530 1380 ac
545 1343 753 1380 liberaliter
765 1345 801 1380 in
813 1344 956 1381 Christo
970 1345 1033 1382 suo
1045 1343 1272 1385 exhibere.in
1286 1357 1361 1393 quo

66 1409 135 1448 pro
150 1399 277 1433 nostra
291 1395 437 1433 miseria
451 1408 607 1432 omnem
633 1393 864 1434 foelicitatem
879 1422 890 1439 ‚
902 1409 972 1447 pro
985 1397 1107 1433 nostra
1129 1398 1252 1447 inopia
1264 1410 1360 1445 opu-

67 1448 221 1487 lentiam
234 1445 397 1490 offert,in
409 1460 484 1492 quo
501 1447 655 1485 caelestes
670 1446 853 1487 thesauros
866 1448 973 1486 nobis
986 1450 1114 1500 aperit.
1131 1461 1171 1486 vr
1183 1449 1359 1486 dilectum

67 1500 201 1538 ‘Filium
214 1500 316 1537 suurn
328 1512 408 1537 tota
422 1498 511 1536 fides
524 1501 645 1536 nostra
657 1501 854 1546 intueatur,
872 1500 918 1537 ab
931 1502 1009 1551 ipso
1022 1513 1099 1539 tota
1110 1502 1231 1538 nostra
1245 1513 1359 1546 expe-

70 1553 186 1590 statio
198 1550 367 1603 pendeat,
383 1553 420 1588 in
433 1550 510 1601 ipso
523 1564 603 1589 tota
619 1550 695 1600 spes
708 1554 829 1590 nostra
841 1554 975 1590 haereat
990 1558 1021 1590 &
1038 1554 1252 1601 acquiescat.
1267 1555 1357 1590 Haee

70 1603 220 1655 quidem
231 1606 368 1640 secreta
379 1604 428 1640 est
440 1601 724 1654 absconditaque
736 1603 981 1656 philosophia,
996 1609 1030 1642 δε
1045 1618 1123 1656 qua:
1137 1604 1356 1659 syllogismis

72 1658 151 1694 erui
164 1670 238 1693 non
252 1655 392 1704 potest:
409 1654 469 1692 sed
479 1655 611 1694 scilicet
623 1669 701 1693 eam
741 1653 920 1694 erdiscunt
931 1657 1064 1707 quibus
1076 1658 1202 1694 oculos
1212 1658 1355 1706 aperuit

71 1710 189 1749 Deus,
202 1720 239 1745 vt
252 1708 289 1743 in
302 1704 365 1744 suo
378 1707 518 1744 lumine
529 1707 653 1745 lumen
671 1709 703 1744 vi
730 1720 824 1746 eant.
839 1709 1030 1760 Postquam
1044 1709 1131 1746 ver'o
1142 1707 1215 1747 fide
1230 1708 1355 1747 edosti

70 1760 194 1798 sumus
207 1787 216 1801 ‚
232 1760 430 1810 agnoscere
441 1760 616 1808 quicquid
631 1759 736 1798 nobis
748 1757 889 1799 necesse
901 1763 951 1800 est
963 1788 972 1804 ,
988 1759 1168 1810 nobisque
1178 1761 1274 1812 apud
1286 1774 1355 1798 nos

69 1813 172 1850 deest
184 1839 192 1854 ,
216 1812 254 1848 i'd
275 1813 310 1847 in
334 1814 418 1848 Deo
441 1805 512 1848 effe
532 1825 572 1848 ac
595 1814 764 1850 Domino
787 1815 910 1851 nostro
930 1808 1010 1852 Iesu
1032 1813 1178 1851 Christo
1195 1818 1254 1851 :in
1276 1826 1355 1864 quo

74 1865 210 1902 scilicet
232 1876 383 1900 ornnem
405 1860 474 1902 suae
495 1863 675 1917 largitatis
698 1865 966 1915 plenitudinem
995 1868 1102 1905 Pater
1114 1865 1267 1904 reiidere
1289 1880 1357 1916 vto-

12 1961 14 1963 ,
71 1918 155 1960 luit⁷
171 1930 207 1955 vt
218 1916 303 1953 inde
318 1919 333 1963 (
346 1914 445 1954 velut
456 1929 501 1954 ex
514 1917 701 1954 vberrimo
713 1918 845 1963 fonte)
859 1919 1064 1958 hauriamus
1076 1916 1354 1969 omneszsuper-

74 1971 124 2007 est
137 1983 171 2006 vt
193 1971 227 2005 in
250 1968 327 2017 ipso
350 1981 575 2017 quaeramus,
603 1973 636 2006 &
658 1968 706 2006 ab
725 1971 804 2020 ipso
827 1971 993 2018 precibus
1014 1971 1238 2022 postulemus
1258 1968 1361 2021 quod

71 2021 199 2072 inipso
223 2018 297 2058 esse
317 2019 523 2059 didicimus.
546 2021 697 2072 Alioqui
718 2022 810 2059 scire
829 2025 953 2061 Deum
976 2025 1166 2061 bonorum
1185 2025 1361 2061 omnium

73 2072 265 2111 dominum
277 2085 318 2110 ac
330 2073 540 2123 largitorem
555 2100 564 2115 ,
577 2075 640 2124 qui
655 2088 721 2111 nos
732 2075 778 2112 ad
789 2074 824 2113 se
838 2074 1060 2126 poscendum
1073 2077 1227 2114 inuitet:
1241 2074 1361 2127 ipsum

73 2123 159 2164 vero
183 2138 250 2163 nec
263 2125 363 2173 adire
379 2152 388 2168 ,
404 2138 471 2162 nec
493 2125 641 2175 poscere
660 2124 754 2164 adeo
778 2141 852 2165 non
874 2126 1055 2179 prodefl'et
1068 2155 1078 2171 ,
1094 2141 1135 2167 vt
1155 2127 1310 2179 perinde
1324 2124 1362 2165 id

74 2177 234 2217 futurum
247 2177 290 2215 fit
303 2177 370 2215 acfi
382 2181 460 2228 quis
473 2177 669 2218 indicatum
681 2178 916 2225 thesauruns,
929 2180 1031 2218 humi
1044 2181 1226 2231 sepultum
1239 2193 1281 2218 ac
1296 2180 1365 2217 de⁴

77 2227 212 2268 fossum
227 2256 238 2272 ‚
261 2230 439 2283 negligat.
465 2229 622 2268 Proinde
642 2230 837 2280 Apostolus
850 2260 861 2277 ,
876 2228 914 2272 v‘t
938 2233 1146 2272 ostenderet
1163 2232 1322 2271 otiosam
1344 2228 1366 2268 ὲ

77 2285 152 2321 Dei
163 2284 399 2320 inuocatione
418 2281 493 2325 effe
504 2296 579 2320 non
591 2280 695 2332 poffe
717 2297 841 2322 veram
853 2283 965 2323 fidem
978 2312 989 2330 ,
1001 2285 1099 2324 bunc
1110 2286 1280 2323 ordinem
1295 2297 1364 2335 po-

76 2335 166 2372 suit:
183 2337 294 2372 Sicuti
309 2347 352 2372 ex
375 2335 579 2387 Euangelio
591 2334 741 2375 nascitur
762 2336 850 2374 fides
862 2364 872 2380 ‚
886 2338 934 2375 fic
947 2351 1011 2388 per
1033 2351 1115 2376 eam
1129 2338 1174 2375 ad
1187 2340 1362 2374 inuocan·
1380 2356 1466 2389 Rom
1481 2362 1520 2393 ,ο

79 2386 167 2424 dum
181 2389 252 2424 Dei
266 2399 401 2425 nomen
423 2388 536 2424 corda
555 2390 674 2426 nostra
684 2386 850 2427 formari.
863 2394 984 2441 Atque
995 2390 1192 2440 hocipsum
1204 2390 1257 2426 est
1268 2387 1366 2439 quod
1381 2419 1396 2442 c
1412 2418 1425 2442 Ι
1470 2381 1479 2390 ’
1525 2380 1536 2392 ’

72 2438 270 2490 «aliquanto
292 2435 376 2478 ante
399 2438 537 2478 dixerat
548 2467 559 2486 ,
580 2441 752 2495 Spiritum
771 2441 988 2494 adoptionis
1002 2469 1011 2488 ,
1026 2456 1089 2493 qui
1114 2443 1369 2479 testimonium
1401 2435 1407 2442 '
1431 2422 1456 2454 ⁴

630 2510 634 2514 ’
1098 2495 1209 2533 ΒΑΜ.
