1591 2775
548 0 788 51 cA'Pvr
840 11 960 49 XL'
1318 4 1390 56 2455'

100 78 275 123 fiemifiec
286 77 366 119 eam
381 78 524 118 dubitat
535 80 571 116 in
583 89 817 131 peccatorum
830 72 1044 114 remiffione
1055 73 1391 114 collocareineatus

104 135 224 174 homo
240 162 250 178 ,
263 136 380 183 inquit
392 159 402 176 ,
414 129 588 169 aDauide
597 129 725 168 dicitur
738 131 794 166 cui
808 131 908 166 Deus
925 125 1074 177 accepto
1087 127 1159 166 fert
1170 128 1221 165 vel
1237 129 1391 177 imputat

103 188 274 225 iustitiam
285 185 360 222 line
372 183 566 236 operibus:
580 182 668 219 ficut
683 180 855 231 scriptum
867 181 917 217 est
929 207 938 220 ,
953 182 1052 217 Beati
1066 193 1222 231 quorum
1238 174 1389 216 remiffae
1411 177 1557 227 1721.st

108 237 191 276 sunt
202 239 430 289 iniquitates,
446 239 512 273 &e.
535 234 614 272 nhc
627 230 708 270 sane
722 246 795 269 non
807 231 851 269 de
862 230 1120 270 iustificationis
1135 243 1235 282 parte
1247 258 1257 273 ‚
1273 230 1330 268 led
1343 231 1388 267 de
1404 242 1453 267 a.1

105 290 182 342 ipsa
194 303 271 327 tota
284 288 456 339 disputat.
476 288 561 324 Eius
575 283 686 333 porro
700 282 959 322 definitionem
980 281 999 320 a
1014 283 1156 321 Dauide
1166 283 1319 334 positam
1332 294 1391 319 te·-

106 344 216 380 statur
230 368 239 382 ‚
254 354 368 391 quum
382 340 511 377 beatos
524 334 594 375 effe
608 338 821 387 pronuntiat
833 336 963 386 quibus
976 335 1078 373 datur
1090 338 1251 384 gratuita
1262 346 1390 383 pecca-

107 405 233 432 torum
246 392 471 430 venia.Vnde
485 389 815 440 apparet,iustitiam
832 387 925 426 hanc
935 388 980 426 de
992 400 1063 437 qua
1074 386 1391 438 loquitur‚1impli-

107 447 197 483 citer
209 445 324 482 reatui
335 444 484 493 opponi.
509 441 578 479 Sed
590 441 638 478 ad
649 440 742 478 hanc
762 453 840 477 rem
853 442 953 478 locus
967 441 1029 476 ille
1044 440 1093 477 est
1113 441 1278 477 omnium
1292 439 1394 488 opti-

106 495 265 537 mus‚vbi
281 495 371 532 hanc
388 492 459 531 effe
469 493 646 532 sstmmam
659 492 768 529 docet
779 493 974 542 legationis
986 492 1222 543 Euangelicae‚
1233 502 1268 528 vt
1279 497 1391 527 recon

109 549 277 585 ciliemur
293 549 379 584 Deo
393 562 400 584 :
413 547 584 597 quiaipse
596 559 662 583 nos
676 558 739 594 per
750 545 928 582 Christum
944 544 1019 582 vult
1032 546 1066 581 in
1080 546 1235 596 gratiam
1251 545 1387 592 recipe·
1407 549 1439 572 2·
1454 537 1558 582 θοῆς.

108 613 150 639 xe
162 627 172 643 ,
186 613 257 637 non
273 598 487 649 imputando
501 598 606 635 nobis
625 609 782 647 peccata.
804 595 938 634 Sedulo
949 596 1153 646 expendant
1166 596 1321 633 lectores
1335 606 1386 631 to-v
1410 584 1484 624 d-lss

109 663 187 690 turn
201 663 426 689 contextum.
448 663 531 687 nam
547 647 656 700 paulo
670 647 747 698 post
762 646 951 704 exegetice
963 649 1095 686 addens
1107 676 1117 692 ‚
1133 647 1318 686 Christum
1332 647 1396 698 qui

107 706 247 755 peccati
259 716 386 753 expers
400 714 478 740 erat
492 729 501 744 ‚
516 701 653 740 fastum
667 697 737 738 effe
757 714 826 752 pro
839 701 947 738 nobis
965 713 1155 750 peccatum
1170 715 1178 737 :
1191 713 1227 737 vt
1239 697 1394 736 modum

108 755 423 794 reconciliationis
436 754 688 805 designetmon
703 752 801 790 aliud
813 752 910 790 haud
927 750 1034 790 dubie
1045 751 1301 790 reconciliandi
1313 761 1398 795 ver-

109 808 161 845 bo
181 807 355 860 intelligit
368 804 475 856 quam
497 804 692 844 iustificari.
708 807 789 842 Nec
801 803 880 842 sane
902 819 977 853 quo
990 805 1074 843 alibi
1087 804 1208 846 tradit,
1220 804 1395 846 staret,o-

110 859 296 898 bedientia
311 858 440 896 Christi
466 872 532 895 nos
545 858 713 896 constitui
724 859 850 900 iustoe,
863 857 973 894 nifiin
985 857 1062 908 ipso
1074 863 1107 895 ὃ(
1125 869 1228 896 extra
1237 869 1302 893 nos
1314 856 1394 893 iusti
1409 869 1501 901 Rom,
1525 875 1556 909 ς,

112 924 328 963 1eputamur
342 923 463 948 coram
476 913 572 948 Deo.
940 924 943 925 ⁷
1411 913 1489 960 ΑΛ,

163 977 179 1012 ς
234 960 373 1001 Verum
384 964 470 1013 quia
484 962 663 999 Ofiander
685 961 886 998 monstrum
899 959 1022 997 nescio
1036 958 1136 1009 quod
1149 955 1344 999 essentialis
1356 960 1396 998 iu

114 1017 217 1054 stitiae
229 1016 369 1053 inuexit
382 1041 392 1057 ‚
406 1028 480 1063 quo
501 1013 564 1052 etfi
578 1014 698 1051 noluit
716 1012 868 1050 abolere
879 1012 1076 1064 gratuitam
1093 1012 1324 1055 iustitiam,ea
1336 1024 1392 1050 ta-

111 1081 198 1105 men
212 1067 366 1119 caligine
382 1065 542 1103 inuoluit
562 1078 640 1115 quae
662 1066 736 1115 pias
749 1077 890 1101 mentes
911 1064 1173 1102 obtenebratas
1194 1063 1289 1100 serio
1309 1076 1393 1114 gra-

114 1121 173 1159 tiae
185 1118 312 1157 Christi
334 1116 434 1156 sensu
448 1119 567 1166 priuet
582 1129 797 1165 :antequam
811 1115 857 1153 ad
879 1115 950 1153 alia
967 1116 1109 1153 transeo
1119 1142 1129 1158 ‚
1143 1114 1214 1152 hoc
1225 1115 1396 1152 delirium

111 1170 287 1210 refellere
309 1170 586 1220 operaepretium
609 1169 671 1205 est.
686 1169 810 1205 Primo
828 1167 904 1205 haec
917 1166 1111 1218 speculatio
1124 1180 1233 1204 merae
1245 1168 1294 1204 est
1305 1169 1401 1206 ieiu-

112 1221 242 1274 naec'iue
252 1221 477 1259 curiositatis.
503 1220 625 1258 Multa
637 1219 783 1271 quidem
797 1222 984 1270 Scripturae
1003 1221 1214 1257 testimonia
1227 1231 1399 1257 accumu-

111 1274 164 1314 lat
180 1301 190 1317 ‚
203 1273 334 1324 quibus
345 1272 525 1310 Christum
538 1273 672 1323 probet
683 1285 790 1310 vnum
805 1269 877 1309 effe
893 1272 1078 1309 nobiscum
1092 1298 1102 1314 ‚
1118 1275 1152 1308 Sc
1168 1285 1233 1308 nos
1245 1267 1398 1308 vicissim

112 1340 195 1364 cum
205 1325 282 1376 ipso
295 1352 305 1368 ,
320 1324 420 1375 quod
441 1324 658 1375 probatione
681 1337 755 1361 non
773 1323 937 1377 indiget:
957 1321 1018 1361 sed
1029 1336 1114 1374 quia
1134 1336 1208 1360 non
1232 1322 1403 1361 obseruat

111 1379 220 1418 huius
232 1378 377 1415 vnitatis
392 1376 588 1418 vinculum,
601 1375 757 1427 seipsum
768 1375 956 1427 illaqueat.
979 1375 1103 1413 Nobis
1117 1372 1204 1412 vero
1218 1388 1349 1413 omnes
1364 1387 1404 1412 e-

113 1433 171 1469 ius
182 1429 301 1468 nodos
317 1428 489 1480 expedire
504 1428 611 1466 facile
625 1430 695 1472 est,
711 1429 774 1477 qui
788 1439 956 1466 tenemus
978 1440 1046 1464 nos
1057 1439 1138 1464 cum
1152 1427 1294 1465 Christo
1309 1427 1402 1463 vniri

117 1495 247 1521 arcana
267 1483 417 1533 Spiritus
446 1483 524 1526 eius
545 1482 687 1519 virtute.
708 1482 939 1531 conceperat
960 1482 1011 1518 vir
1023 1480 1087 1518 ille
1107 1479 1277 1530 quiddam
1292 1476 1401 1517 affine

118 1533 344 1575 Manichaeis,
361 1545 401 1570 vt
418 1529 607 1571 effentiam
620 1536 693 1571 Dei
703 1535 739 1570 in
752 1532 923 1570 homines
935 1530 1186 1570 transfundere
1197 1543 1403 1582 appeteret.

117 1587 219 1628 Hinc
232 1584 332 1623 aliud
345 1584 422 1622 eius
440 1583 800 1626 commetum,Adam
811 1579 919 1623 fuifl'e
929 1583 1129 1621 formatum
1142 1583 1190 1622 ad
1200 1585 1404 1634 imaginem

120 1640 195 1681 Dei
210 1651 219 1674 :
233 1638 318 1687 quia
329 1638 400 1673 iam
414 1649 499 1674 ante
510 1635 650 1686 lapsum
661 1635 858 1674 destinatus
871 1649 948 1674 erat
961 1635 1121 1673 Christus
1136 1636 1322 1686 exemplar
1335 1635 1406 1673 hu-

120 1702 237 1731 manae
252 1701 398 1726 naturae.
413 1688 482 1726 Sed
496 1690 582 1736 quia
593 1689 766 1726 breuitati
776 1687 901 1726 studeo
914 1714 923 1730 ‚
938 1689 973 1725 in
985 1687 1149 1737 praesenti
1162 1688 1265 1725 causa
1275 1687 1406 1725 iniisti.

120 1743 223 1780 Dicit
236 1755 302 1777 nos
327 1754 370 1776 vn
378 1754 437 1777 um
455 1738 524 1778 ess'e
539 1753 619 1779 cum
633 1740 790 1778 Christo.
802 1742 982 1778 fatemur:
996 1741 1136 1778 interea
1148 1751 1324 1790 negamus
1337 1743 1404 1777 mi—

120 1792 212 1834 sceri
225 1790 555 1843 ChrissiJess‘entiam
572 1805 651 1830 cum
664 1792 795 1830 nostra.
814 1791 959 1830 Deinde
978 1804 1167 1842 perperam
1187 1791 1258 1829 hoc
1270 1792 1403 1842 princi-

121 1847 224 1896 pium
237 1844 331 1882 trahi
357 1846 514 1881 dicimus
525 1843 568 1881 ad
588 1844 666 1881 illas
680 1846 756 1882 eius
782 1846 974 1896 praestigias
987 1857 995 1882 ε
1008 1844 1190 1882 Christum
1212 1844 1316 1881 nobis
1329 1839 1403 1881 effe

121 1898 393 1948 iustitiannquia
403 1899 503 1934 Deus
519 1898 567 1934 est
582 1909 748 1939 aeternus,
759 1894 840 1934 fons
853 1893 1165 1948 iustitiae,ip15que
1175 1897 1245 1933 Dei
1257 1896 1401 1933 iustitia.

120 1949 321 1989 Ionoscent
332 1949 488 1987 lestores
514 1947 539 1985 fi
552 1961 643 1986 nunc
668 1945 811 1986 tantum
825 1952 970 2000 attingo
993 1960 1070 1998 quae
1082 1950 1176 1985 ratio
1197 1946 1353 1986 docendi
1367 1950 1403 1984 in

123 1985 238 2042 alium
252 2001 373 2039 locum
386 1999 520 2038 differri
535 2000 705 2052 postulat.
719 2000 892 2052 Qanuis
901 2013 1024 2038 autem
1038 2000 1185 2039 excuset
1196 1998 1230 2037 se
1244 2013 1336 2038 voce
1346 2000 1403 2038 iu-

124 2054 228 2092 stitiae
239 2050 431 2092 effentialis
456 2066 529 2090 non
541 2051 641 2091 aliud
658 2051 969 2103 intenderffiquam
992 2064 1029 2090 vt
1041 2051 1125 2090 huie
1147 2052 1328 2093 sententiae
1339 2063 1404 2089 oe-

126 2117 245 2146 curtat
257 2131 266 2148 ,
279 2119 345 2143 nos
357 2117 504 2156 propter
518 2105 697 2143 Christum
721 2106 831 2143 iustos
844 2106 1004 2156 reputari
1018 2119 1027 2143 ;
1041 2102 1193 2143 dilucide
1205 2116 1330 2142 tamen
1341 2117 1405 2142 ex-

126 2158 253 2207 primit
265 2159 298 2194 se
309 2171 383 2196 non
399 2170 441 2196 ea
458 2158 592 2195 iustitia
604 2168 821 2196 contentum
836 2184 849 2200 2
862 2170 939 2208 quae
951 2156 1058 2194 nobis
1078 2157 1287 2195 obedientia
1301 2160 1335 2194 &
1351 2156 1403 2193 sa·

128 2207 266 2246 crificio
277 2211 406 2248 mortis
417 2207 546 2247 Christi
559 2220 657 2259 parta
668 2210 732 2251 est,
745 2207 885 2262 fingere
895 2222 962 2246 nos
978 2209 1256 2247 substantialiter
1268 2211 1304 2245 in
1318 2210 1402 2246 Deo

128 2261 239 2298 iustos
253 2258 323 2299 ess'e
336 2274 411 2299 tam
426 2258 692 2311 effentiaquam
703 2261 878 2311 qualitate
890 2259 1016 2298 infusa.
1037 2263 1124 2300 Haec
1138 2264 1233 2298 enim
1247 2263 1338 2296 tatio
1352 2261 1403 2297 el't

131 2324 194 2350 cur
205 2325 279 2350 tam
291 2313 744 2356 vehementercontendat‚
759 2327 832 2351 non
845 2309 964 2351 solum
976 2314 1172 2353 Christum,
1188 2315 1245 2349 led
1261 2315 1405 2351 Patrem

136 2367 169 2402 δε
185 2366 356 2413 Spiritum
368 2379 402 2402 in
423 2365 721 2404 nobishabitate.
745 2366 863 2418 Qod
874 2365 936 2403 etii
950 2379 1070 2401 verum
1087 2362 1156 2401 ess‘e
1170 2374 1288 2401 tateor
1301 2391 1310 2406 ,
1323 2377 1404 2413 per-

133 2412 236 2454 uerse
253 2428 375 2455 tamen
400 2418 446 2454 ab
463 2431 509 2456 eo
531 2430 691 2472 torqueri
713 2417 811 2459 dico.
833 2418 992 2456 Modum
1015 2421 1112 2454 enim
1134 2418 1321 2454 hamtandi
1343 2428 1406 2454 ex·

1130 2469 1235 2506 Fam·
