1591 2775
82 85 156 127 hoc
169 87 220 124 est
231 85 303 123 vita
316 81 444 121 &luce
465 84 528 121 sua
539 82 730 134 spoliatas‘‚
743 83 896 133 stupidas
917 76 991 120 este
1014 76 1051 118 δέ
1074 80 1181 120 tica&
1194 80 1371 127 sciebant,

86 152 185 179 tanta
196 135 418 176 confidentia
431 133 603 174 ludificati
618 135 686 172 fint
700 149 707 171 ε
721 148 832 185 quum
854 133 943 171 nihil
958 141 1022 171 eo's
1035 133 1169 183 pudeat
1183 160 1193 176 ‚
1205 136 1372 184 corporis

84 190 205 232 sensus
220 192 325 227 viuos
336 200 378 226 ac
393 189 585 225 {entientes
606 186 699 224 velle
709 184 851 223 fallere.
868 184 1057 226 Ridiculos‘
1079 197 1169 235 ergo
1183 188 1216 223 se
1229 186 1371 225 faciunt

84 243 169 282 dum
186 243 306 295 gratia
317 241 545 278 curationum
560 238 723 288 preditos
736 239 808 276 sese
820 240 970 277 radant.
988 237 1098 275 Adest
1109 235 1190 274 sane
1204 237 1270 276 suis
1286 240 1371 276 Do-

83 296 202 334 minus
215 293 385 331 omnibus
398 292 523 331 seculis
538 317 548 333 ‚
569 295 603 328 Sc
618 303 748 328 eorum
768 290 1009 341 languoribus
1029 292 1174 339 quoties
1194 298 1284 340 opus
1299 291 1365 333 cst,

81 346 251 386 medetur
263 372 272 388 ,
286 358 360 382 non
373 344 490 381 minus
503 341 611 394 quam
625 342 715 382 olim
731 341 963 379 :manifestas
986 353 1113 379 tamen
1124 341 1202 380 illas
1215 343 1367 380 virtutes

81 413 158 438 non
171 402 221 435 ita
232 399 368 439 exerit,
385 409 452 433 nec
465 395 637 432 miracula
651 408 715 445 per
738 393 999 443 Apostolorum
1022 405 1151 430 manus
1171 392 1366 445 dispensat:

81 453 171 501 quia
184 454 218 487 δε
232 449 437 499 temporale
448 448 520 486 fuit
531 446 620 485 illud
635 448 771 484 donum
786 472 796 487 ‚
814 450 848 482 8(
866 445 987 496 aliqua
999 446 1111 483 etiam
1126 458 1169 483 ex
1181 457 1284 497 parte
1295 445 1369 484 bo'·

82 506 225 542 minum
238 499 500 552 ingratitudine
514 500 632 538 statim
648 498 848 536 intercidit.

136 568 182 592 20
229 559 357 605 ltaque
368 565 403 589 vt
416 566 491 589 non
503 551 567 590 abs
577 565 616 589 re
629 554 658 588 A
667 550 799 602 postoli
810 549 963 603 gratiam
980 554 1211 591 curationum
1223 548 1287 587 fibi
1302 548 1369 588 de-

83 608 298 646 mandatam
312 633 321 645 ,
334 604 409 643 olei
422 604 591 656 symbolo
603 632 613 647 ‚
628 601 748 654 palam
762 604 880 640 teltati
893 601 1064 647 sammon
1079 605 1192 646 suam,
1205 602 1265 640 sed
1277 603 1367 652 Spiri

83 670 140 698 tus
155 659 266 696 fausti
276 655 348 695 effe
364 659 549 696 virtutem:
562 660 613 694 ita
625 657 765 693 rursum
781 656 925 705 Spiritui
937 655 1062 694 sansto
1076 656 1155 695 sunt
1166 655 1290 692 iniurii
1303 655 1368 704 qui

82 711 256 762 putidum
275 715 308 748 &t
322 710 453 748 nullius
464 712 622 762 energiae
633 707 760 745 oleum
773 704 909 744 faciunt
923 709 998 747 eius
1011 711 1197 747 virtutem.
1210 705 1370 745 Perinde

81 764 118 802 id
135 765 184 801 est
196 776 236 801 ac
251 764 356 814 siquis
370 761 508 799 diceret
521 787 531 804 ‚
543 774 654 798 omne
664 760 791 799 oleum
803 761 972 797 virtutem
985 758 1057 799 effe
1070 762 1224 812 Spiritus
1238 757 1364 800 fausti,
1469 805 1484 811 ,

84 815 185 867 quod
197 830 242 854 eo
253 816 404 853 nomine
417 816 452 851 in
467 816 649 864 Scriptura
661 823 904 861 nuncupetur:
917 825 1068 851 omnem
1088 810 1298 850 columbam
1312 809 1366 849 es·
1384 808 1542 860 Mam!

81 869 119 908 se
131 870 299 919 Spiritum
313 867 469 904 sancstum
483 893 493 909 ‚
507 864 604 916 quod
615 878 658 903 ea
677 861 795 916 specie
807 867 1026 913 apparuerit.
1052 862 1188 903 Verum
1202 863 1247 901 de
1257 864 1300 901 iis
1313 863 1364 900 vi·
1383 854 1462 899 σίας
1536 858 1538 862 ’

81 919 339 971 derint.Qod
353 920 459 955 nobis
472 920 507 959 in
521 916 707 970 praesentia
726 915 873 953 abunde
885 918 933 954 est
951 945 959 960 ,
971 930 1069 955 cerro
1082 918 1216 955 certius
1227 915 1362 967 perspi·
1380 913 1536 963 lahama-⁴

78 974 196 1011 cimus
209 999 218 1013 ,
236 984 365 1009 eorum
382 972 590 1008 vnffionern
604 973 875 1007 Sacramentum
889 983 962 1006 non
976 967 1046 1007 effe
1060 985 1070 1008 ε
1083 982 1160 1020 quae
1180 980 1247 1006 nee
1260 981 1361 1006 cere·
1378 958 1467 1020 &3²14
1532 965 1535 967 ’

79 1028 204 1064 monia
218 1025 268 1061 est
282 1022 301 1060 a
313 1027 396 1062 Deo
409 1023 569 1060 instituta
583 1049 592 1064 ‚
606 1035 672 1059 nec
683 1021 793 1059 vllam
808 1019 1090 1072 promissionem
1109 1020 1230 1058 habet.
1244 1021 1363 1070 siqui*-

81 1077 169 1115 dem
191 1090 303 1126 quum
326 1075 526 1113 duoistain
549 1078 783 1112 Sacramento
807 1073 1276 1126 exigimus,vtceremonia
1288 1069 1367 1111 fita

81 1130 167 1168 Deo
180 1130 343 1167 instituta
356 1155 366 1171 ‚
383 1140 420 1165 vt
434 1129 505 1165 Dei
520 1124 794 1178 promissionem
807 1125 961 1164 habeat:
976 1125 1078 1164 simul
1091 1126 1313 1177 postulamus
1324 1137 1365 1164 vt

81 1194 293 1219 ceremonia
305 1181 367 1217 illa
378 1182 484 1217 nobis
498 1179 626 1217 tradita
637 1179 677 1217 fit
688 1206 698 1219 ‚
716 1183 748 1216 δε
764 1176 954 1228 promiffio
966 1178 1010 1215 ad
1022 1191 1088 1216 nos
1099 1178 1249 1228 spectet.
1272 1178 1364 1215 Non

81 1237 180 1272 enim
194 1233 502 1270 Circuncifionem
515 1234 586 1269 iam
612 1234 751 1268 Sacram
760 1232 858 1268 etum
874 1231 1078 1278 Christiane
1092 1228 1255 1268 Ecclefiae
1268 1228 1368 1280 quis-4

80 1299 188 1337 quam
201 1282 274 1323 effe
286 1284 638 1325 contendimametfi
655 1288 687 1321 δε
703 1285 772 1321 Dei
787 1283 989 1320 institutum
1005 1295 1092 1325 erat,
1107 1287 1140 1320 &
1154 1279 1368 1332 promisfioss-

78 1351 165 1376 nem
181 1350 358 1375 annexam
373 1336 635 1388 habebat2quia
650 1348 714 1373 nec
726 1334 829 1372 nobis
841 1335 1014 1374 mandata
1030 1334 1115 1378 fuit,
1127 1347 1194 1372 nec
1205 1333 1363 1382 promis-

79 1391 131 1429 fio
144 1404 212 1441 que
227 1390 280 1427 illi
296 1389 462 1428 adiunsta
475 1387 718 1430 fuerar.nobis
731 1387 862 1426 eadem
873 1388 1088 1425 conditione
1098 1386 1362 1426 ‹impromis-

80 1442 220 1480 fionem
236 1455 343 1493 quam
358 1445 392 1479 in
406 1443 573 1479 an'tione
586 1440 758 1479 ferociter
775 1440 907 1478 metant
919 1467 928 1484 ,
943 1441 1051 1478 nobis
1065 1454 1138 1478 non
1151 1438 1223 1477 effe
1235 1438 1359 1479 datam

78 1495 270 1534 euidenter
281 1494 660 1535 demonstrauimus,&
675 1492 738 1543 ipsi
753 1493 979 1542 experientia
989 1492 1183 1530 declarant.
1196 1494 1358 1529 Ceremo

77 1551 139 1585 nia
152 1545 308 1597 vsurpari
323 1560 395 1583 non
410 1546 537 1584 debuit
556 1545 620 1583 nifi
630 1546 675 1582 ab
695 1546 735 1581 iis
747 1547 808 1595 qui
828 1547 1058 1582 curationum
1079 1546 1194 1598 gratia
1217 1542 1359 1594 praediti

78 1598 317 1637 fuerantmon
331 1598 456 1635 abistis
470 1597 706 1640 carnificibus,
719 1599 778 1649 qui
795 1596 873 1648 plus
887 1597 1082 1635 mactando
1095 1609 1136 1635 ac
1146 1595 1361 1634 trucidando

81 1649 326 1694 valennquar'n
340 1649 513 1688 sanando.
881 1656 887 1660 ‘

21 1745 23 1747 ,
116 1716 153 1741 21
208 1704 435 1754 Qanquam
450 1701 589 1740 etiamsi
603 1700 704 1739 obtin
712 1701 930 1745 uerinr,huic
942 1703 1036 1740 aetati
1049 1700 1248 1740 conuenire
1258 1699 1358 1751 quod

79 1755 125 1793 de
138 1757 307 1792 vnftione
318 1755 363 1791 ab
378 1756 513 1792 Iacobo
535 1756 737 1804 praecipitur
750 1781 759 1795 ‚
775 1757 789 1802 (
803 1752 907 1806 aquo
919 1751 1126 1807 longissime
1147 1752 1300 1796 absunt)
1312 1765 1358 1790 ne

78 1810 125 1847 fic
137 1809 283 1859 quidem
297 1807 415 1844 adhuc
428 1807 586 1844 multum
600 1809 858 1857 promouerint
872 1809 906 1843 in
920 1806 1133 1856 approbada
1146 1805 1203 1842 sua
1213 1806 1352 1842 vuffio-
1454 1847 1457 1850 ¹
1480 1838 1504 1850 ,Ἴ

75 1874 124 1899 ne
135 1874 206 1910 qua
220 1859 394 1898 haetenus
408 1873 473 1896 nos
484 1859 691 1897 illeuerunt.
711 1859 860 1897 lacobus
871 1872 1003 1896 omnes
1025 1856 1190 1894 infirmos
1212 1858 1286 1894 vult
1297 1860 1353 1893 in-
1373 1844 1506 1897 '‘⁸²55ss

76 1917 162 1964 ungi
180 1927 188 1950 ε
203 1913 256 1949 isti
269 1926 341 1948 non
355 1910 530 1956 infirmos,
545 1912 602 1948 sed
614 1912 851 1949 semimortua
864 1909 1119 1951 cadauera,sua
1133 1909 1353 1960 pinguedine
1376 1904 1415 1941 ¹4

74 1965 239 2004 inficiunt
254 1977 387 2015 :quum
401 1967 549 2001 iamiam
563 1967 683 2000 anima
696 1966 731 2000 in
753 1965 974 2016 prirnoribus
998 1963 1281 2004 labrislaborat‚
1296 1962 1356 1999 vel

76 2022 135 2066 (vt
146 2016 208 2067 ipfi
221 2018 446 2065 loquuntur)
463 2019 498 2053 in
511 2019 698 2053 extremis.
712 2019 743 2052 Si
758 2016 967 2067 praescntem
982 2016 1119 2052 babent
1132 2014 1355 2052 medicinam

76 2073 113 2109 in
128 2071 190 2107 suo
205 2071 426 2107 sacramento
442 2096 451 2110 ,
467 2082 536 2120 qua
550 2069 605 2106 vel
629 2067 848 2106 morborum
869 2068 1102 2106 acerbitatem
1117 2068 1257 2104 leniant
1269 2093 1279 2110 ,
1294 2063 1354 2104 vel

73 2123 204 2161 saltem
216 2121 362 2172 aliquod
380 2125 508 2158 animae
530 2122 694 2159 solatium
718 2119 883 2158 adferant
896 2148 905 2162 ,
919 2120 1078 2158 crudeles
1091 2119 1240 2169 suntqui
1260 2131 1354 2156 nun-

77 2188 186 2226 quam
200 2176 235 2211 in
247 2187 413 2225 tempore
427 2172 802 2211 medentur.1acobus
817 2175 893 2211 vult
905 2172 1091 2210 infirmum
1105 2175 1192 2225 vngi
1205 2169 1223 2208 a
1235 2169 1349 2208 senio-

76 2228 173 2265 ribus
204 2227 366 2263 Ecclesiae
393 2241 402 2263 :
420 2228 475 2264 isti
498 2228 686 2264 vnstorem
709 2240 782 2263 non
802 2226 1000 2264 admittunt
1021 2224 1083 2261 nisi
1105 2221 1352 2261 sacrificulum.

76 2277 198 2331 Qod
212 2278 304 2329 apud
317 2280 490 2317 Iacobum
513 2280 745 2330 presbyteroe
768 2281 1048 2329 interpretantur
1070 2276 1276 2313 Sacerdotes
1289 2302 1298 2318 ‚
1313 2279 1350 2312 ὃς

76 2331 255 2382 pluralem
270 2345 461 2369 numerum
484 2333 527 2368 ad
541 2332 709 2368 decorem
733 2331 888 2381 pofirum
905 2341 1086 2382 nugantur
1098 2357 1106 2369 ,
1122 2330 1223 2363 nimis
1238 2325 1353 2364 friuo-

79 2384 155 2422 lum
168 2384 218 2421 est
232 2398 240 2420 :
254 2383 346 2434 quafi
368 2383 455 2421 verb
477 2384 638 2422 Ecclefiae
654 2397 700 2420 eo
724 2396 894 2433 ten‘ipore
917 2379 1157 2418 sacrificorum
1180 2379 1355 2416 examini-

76 2435 144 2475 bus·
173 2436 391 2475 abundarint
411 2463 421 2483 ,
445 2448 481 2475 vt
502 2439 540 2475 in
569 2437 682 2489 longa
703 2448 842 2488 pompa
872 2434 1071 2486 procedere
1105 2433 1294 2482 punierint
1311 2426 1358 2469 ad

1090 2498 1192 2526 σθαι,
