1591 2775
449 52 694 91 CAPVT
735 54 881 90 1111.
954 70 956 72 -
1285 50 1354 100 '405

56 118 357 173 erit'paciflcatio,
374 119 397 156 fi
409 131 453 156 au
459 117 536 160 diat
547 129 699 168 peccata
709 117 842 155 redimi
857 114 1163 156 satisfafflonibus
1177 127 1188 156 Ξ
1202 117 1351 166 qua-ndo

59 174 208 213 tandem
220 173 274 211 illi
289 170 548 211 satisfaffionis
560 170 693 208 modus
721 171 887 207 constare
912 173 1072 222 poterit?
1088 171 1185 220 Ergo
1206 169 1351 221 semper

59 226 249 265 dubitabit
262 237 307 262 an
334 226 456 262 Deum
468 222 602 260 habeat
617 221 818 273 propitium
833 250 841 265 ,
856 221 995 272 semper
1006 223 1170 260 aestuabit
1183 249 1193 264 ‚
1207 222 1352 272 semper

56 277 256 317 horrescet.
288 277 388 314 Nam
402 276 464 326 qui
476 273 620 312 leuibus
633 273 948 312 satisfaeciunculis
963 273 1195 325 acquiescunt
1207 299 1219 315 ,
1241 277 1350 312 nimis

56 331 304 380 contemptim
319 328 495 366 iudicium
510 328 579 364 Dei
593 326 768 364 aestim‘ant
791 342 800 364 ε
827 332 861 364 3<
877 340 1004 377 parum
1018 339 1190 377 reputant
1213 338 1350 376 quanta

53 383 98 421 fit
108 384 247 434 peccati
257 382 472 434 grauitas,vt
486 378 574 416 alibi
585 378 762 417 dicemus.
776 381 820 417 Et
834 392 872 417 vt
884 379 964 431 ipsis
978 379 1223 416 concedamus
1237 405 1247 421 ‚
1263 390 1348 428 pec-

56 447 140 473 cata
154 433 397 484 aliquotiusta
410 429 654 469 satisfactione
675 432 855 469 redimere
867 459 877 474 ‚
901 431 988 482 quid
997 443 1119 469 tamen
1135 428 1273 468 facient
1287 430 1348 466 vbi

57 498 115 525 tot
129 487 285 537 peccatis
297 484 499 522 obruuntur
511 511 521 526 ,
535 495 694 533 quorum
707 481 1012 522 satisfactionibus
1033 496 1101 520 nec
1121 495 1269 520 centum
1293 484 1348 518 vi-

55 551 114 581 rae,
123 538 179 575 vel
191 537 216 574 fi
226 549 313 574 totae
327 540 364 574 in
376 535 446 573 hoc
458 536 538 578 sint,
555 533 720 575 sufficere
733 546 890 583 queant?
903 535 1009 574 Adde
1020 534 1120 586 quod
1131 534 1202 572 loci
1215 547 1347 572 omnes

53 590 187 640 quibus
199 585 368 627 afferirur
381 600 612 638 peccatorum
626 588 787 627 remiss'io
801 616 810 633 ‚
824 603 899 626 non
911 588 957 625 ad
968 588 1253 626 cathecumenos
1264 599 1348 638 per-

53 645 194 685 tinent,
207 640 266 679 sed
277 640 322 678 ad
336 643 521 694 regenitos
535 643 605 678 Dei
619 639 714 678 filios
731 666 741 685 ,
759 645 792 678 &
808 643 871 692 qui
884 644 920 678 in
937 640 1101 678 Ecclefiae
1114 640 1189 678 finu
1201 638 1347 677 fuerunt

54 694 116 732 diu
127 691 443 745 nutriti.}Legatio
456 693 517 730 illa
530 706 636 743 quam
651 705 725 731 tam
742 689 926 744 splendide
941 693 1088 731 extollit
1101 692 1246 734 Paulus,
1263 690 1337 729 Ob·
1357 695 1466 726 κίον.
1481 703 1509 739 5,

51 746 154 784 fecto
166 760 230 784 vos
242 745 376 783 Christi
389 747 552 789 nomine,
568 746 855 784 reconciliamini
867 748 954 783 Deo
967 760 975 783 :
987 759 1063 782 non
1075 744 1122 782 ad
1133 755 1278 782 exteros
1289 742 1342 780 di-
1355 737 1440 779 ἄλο

51 800 181 852 rigitur
194 826 204 842 ,
218 797 278 836 sed
289 798 333 834 ad
348 811 411 834 eos
426 800 484 847 qui
498 797 811 851 pridemzjregeniti
823 796 976 836 fuerant.
997 799 1113 848 Atqui
1129 794 1343 836 satisfafflo-
1374 834 1378 836 .

51 854 157 889 nibus
175 850 290 888 valere
301 847 399 887 iuffis
412 876 421 891 ‚
445 849 491 887 ad
503 850 635 887 Christi
646 863 790 888 crucem
805 863 869 887 eos
881 851 1042 904 ablegat.
1067 852 1123 886 Sic
1131 862 1246 900 quum
1259 848 1339 886 scri·
1355 860 1495 909 Coloffr.

50 902 107 942 bit
121 900 395 940 Colossensibus
413 901 598 940 Christum
613 899 814 952 pacificaffe
832 915 896 952 per
908 902 964 939 san
998 904 1122 940 uinem
1136 903 1250 939 crucis
1261 913 1341 952 quae
1354 927 1433 953 ⁶120

51 956 182 994 suntin
205 954 295 992 caelo
309 954 364 991 vel
378 956 413 991 in
425 966 518 992 terra
529 981 539 998 ,
562 968 635 991 non
655 956 838 1008 restringit
850 954 923 991 hoc
941 966 961 991 a
1009 966 1241 991 momentum
1265 967 1340 1003 quo

51 1009 250 1059 recipimur
261 1009 297 1044 in
310 1005 506 1043 Ecclefiam
520 1032 529 1049 ,
546 1004 605 1043 sed
619 1006 663 1043 ad
674 1018 794 1044 totum
808 1004 950 1044 cursum
963 1005 1138 1044 extendit.
1151 1005 1272 1057 Qod
1283 1004 1343 1042 fa-

50 1056 121 1098 cile
135 1072 179 1098 ex
189 1071 366 1097 contextu
377 1070 479 1109 patet
490 1085 500 1100 ‚
517 1059 574 1095 vbi
586 1057 671 1095 dicit
682 1056 808 1095 fideles
823 1057 957 1096 habere
968 1058 1264 1108 redemptionem
1277 1070 1343 1108 per

56 1113 272 1164 sanguinem
289 1109 569 1158 Christi‚nempe
581 1107 831 1148 remissionem
845 1123 1094 1159 peccatorum.
1108 1111 1342 1161 Qanquam

51 1165 174 1217 plures
188 1163 289 1200 locos
305 1175 504 1213 congerere
518 1161 782 1212 superuacuum
796 1162 846 1199 est
859 1164 922 1214 qui
937 1160 1088 1200 subinde
1101 1171 1308 1199 occurrunt.

105 1221 146 1253 28
201 1213 324 1253 Hicin
347 1215 491 1265 asylum
509 1212 728 1269 confugiunt
749 1215 882 1265 inepta:
903 1213 1142 1252 distinfflonis
1155 1241 1164 1257 ‚
1188 1216 1342 1252 Peccata

52 1267 216 1319 quaedam
225 1268 385 1306 venialia
399 1264 654 1317 effe‚quaedam
666 1267 836 1304 mortalia
853 1281 862 1304 z
877 1280 943 1318 pro
955 1265 1172 1305 mortalibus
1186 1278 1342 1320 grauem

52 1319 338 1360 satisfaffionem
351 1317 497 1357 deberi:
514 1318 666 1356 venialia
678 1300 905 1358 facilioribus
919 1318 1086 1356 remediis
1098 1320 1344 1371 purgarifflra-

52 1375 158 1412 tione
172 1371 367 1410 Dominica
383 1398 392 1412 ‚
404 1370 718 1421 aquaebenedietae
731 1371 954 1422 aspersione,
965 1370 1200 1409 absolutione
1214 1366 1344 1409 Miffae.

54 1427 109 1467 Sic
120 1438 204 1464 cum
216 1427 302 1462 Deo
314 1423 444 1462 ludunt
459 1428 492 1461 &
504 1425 703 1472 ineptiunt.
717 1424 855 1477 Qum
868 1436 993 1463 tamen
1001 1422 1135 1463 assidue
1150 1435 1343 1475 peccatum

53 1476 198 1515 veniale
212 1481 245 1514 &
261 1476 423 1513 mortale
435 1477 469 1512 in
485 1489 550 1514 ore
564 1476 735 1520 habeant,
750 1476 914 1516 nondum
931 1477 1089 1524 alterum
1100 1476 1147 1513 ab
1162 1475 1278 1513 altero
1289 1475 1342 1514 di-

54 1528 220 1568 scernere
232 1528 512 1580 potuerunt,nifi
523 1527 623 1578 quod
633 1530 863 1579 impietatem
876 1527 1195 1567 &immunditiem
1206 1526 1340 1570 cordis,

56 1593 245 1633 peccatum
259 1579 402 1618 veniale
414 1578 561 1618 faciunt.
584 1581 665 1618 Nos
678 1592 804 1619 autem
819 1582 944 1632 (quod
956 1583 1134 1632 Scriptura
1145 1581 1225 1619 iusti
1237 1585 1271 1617 δι
1283 1582 1342 1617 in-
1357 1593 1456 1625 Rom,
1469 1597 1505 1626 6.

56 1634 138 1671 iusti
153 1632 279 1687 regula
290 1632 415 1677 docet)
428 1633 565 1683 pcccati
578 1632 795 1683 stipendium
810 1635 1062 1683 pronutiamus
1076 1629 1147 1670 effe
1160 1644 1337 1670 mortem:
1349 1645 1425 1689 &23

60 1689 96 1724 &
115 1686 283 1722 Animam
297 1711 307 1727 ,
322 1697 401 1734 quae
413 1686 619 1734 peccauerit
631 1711 640 1726 .
658 1698 780 1723 morte
793 1685 958 1739 dignam.
973 1683 1157 1723 Caeterum
1170 1684 1337 1722 fidelium
1356 1698 1506 1733 EUffig,

57 1749 208 1788 peccata
222 1738 376 1774 venialia
388 1734 460 1774 effe
479 1751 486 1773 :
501 1750 576 1773 non
589 1739 675 1786 quia
687 1750 759 1775 non
772 1750 933 1776 mortem
948 1750 1169 1781 mereantur,
1184 1737 1241 1775 sed
1253 1739 1338 1788 quia
1349 1760 1425 1785 me

57 1791 128 1828 Dei
140 1788 385 1826 misericordia
400 1788 500 1827 nulla
512 1789 561 1826 est
573 1789 800 1826 condenatio
811 1792 853 1827 iis
866 1792 927 1841 qui
941 1789 1068 1828 suntin
1085 1789 1231 1827 Christo
1244 1787 1335 1827 Iesu:
1352 1803 1487 1838 Rom&

58 1843 144 1892 quia
157 1855 233 1878 non
251 1843 482 1891 imputantur
495 1866 504 1883 ,
517 1842 602 1890 quia
614 1843 719 1879 venia
730 1841 909 1880 delentur.
923 1846 1004 1880 Scio
1015 1839 1122 1893 qudm
1135 1839 1259 1893 inique
1273 1842 1338 1878 do·
1351 1866 1402 1891 Μ

58 1895 213 1932 (trinam
226 1892 321 1930 hauc
334 1895 496 1930 nostram
509 1893 790 1932 calumnientur.
802 1894 924 1932 dicunt
935 1897 1031 1931 enim
1043 1894 1271 1945 paradoxum
1287 1893 1339 1932 es-

58 1946 96 1984 se
107 1947 312 1984 Stoicorurn
331 1971 342 1988 ,
365 1944 410 1982 de
423 1957 659 1995 peccatorum
682 1946 886 1997 aequalitate
905 1961 913 1984 ι
929 1945 990 1985 sed
999 1945 1063 1984 suo
1085 1948 1248 1998 ipsorum
1274 1959 1342 1984 ore

37 2022 40 2026 Δ
61 1998 166 2037 nullo
178 1998 340 2051 -negotio
362 1999 645 2036 conuincentur.
669 1999 813 2051 Qaero
825 2000 927 2036 enim
940 2026 950 2042 ‚
965 1995 1196 2037 annoninter
1207 2012 1248 2036 ea
1268 1998 1344 2044 ipsa

59 2063 208 2102 peccata
222 2063 301 2100 quae
312 2049 485 2088 mortalia
498 2048 671 2094 fatentur,
684 2050 784 2088 aliud
797 2051 871 2088 alio
884 2054 1004 2089 minus
1016 2050 1234 2102 agnoscant?
1252 2053 1344 2089 Non

61 2104 170 2155 igitur
189 2106 354 2153 protinus
377 2101 556 2153 sequitur,
579 2105 680 2152 paria
701 2100 772 2141 esse
792 2116 936 2154 peccata
957 2117 1035 2155 quae
1054 2104 1160 2141 fimul
1180 2103 1348 2142 mortalia

62 2157 142 2192 lint.
172 2155 304 2206 Qum
319 2157 498 2205 Scriptura
509 2152 657 2193 definiat
669 2184 680 2201 ‚
700 2156 916 2208 stipendium
932 2157 1072 2207 peccati
1084 2169 1245 2194 mortem
1261 2153 1346 2193 effe:

63 2208 169 2258 Legis
183 2205 430 2244 obedientiam
445 2203 540 2248 „effe
564 2208 655 2258 vitae‘
666 2212 763 2246 viam
780 2224 788 2246 :
805 2206 1126 2261 transgreffionem
1139 2235 1148 2252 ,
1170 2221 1347 2246 mortemz

64 2257 157 2295 hanc
170 2260 388 2296 sententiam
404 2258 563 2297 euadere
577 2273 651 2298 non
665 2257 824 2312 possunt.
842 2261 977 2313 Qem
989 2274 1082 2312 ergo
1105 2261 1345 2299 satisfaciendi

66 2312 209 2348 exitum
221 2313 406 2350 inuenient
419 2315 456 2348 in
477 2324 582 2349 tanto
604 2325 843 2363 peccatorum
867 2313 1017 2352 cumulo
1032 2323 1042 2351 Ξ
1070 2325 1081 2350 1
1098 2315 1198 2352 vnius
1212 2313 1285 2350 diei
1297 2314 1349 2350 est

66 2361 258 2401 satisfactio
271 2366 408 2413 peccati
418 2364 628 2402 vnius:dum
641 2366 744 2403 illam
760 2365 1166 2417 meditantur-,pluribus
1180 2367 1213 2403 se
1226 2365 1349 2402 inuol⁴

68 2427 161 2452 uunt
174 2429 182 2451 :
196 2415 338 2464 quando
354 2416 449 2453 diem
461 2415 603 2454 nullum
615 2421 775 2468 praeterit
785 2417 993 2456 iustissimus
1008 2418 1172 2468 quisque,
1185 2431 1259 2468 quo
1272 2431 1348 2468 non

67 2467 270 2519 aliquoties
282 2467 438 2510 labatur.
458 2469 516 2508 Ad
528 2482 660 2510 eorum
673 2468 764 2511 veto
776 2469 1044 2510 satisfactiones
1058 2468 1145 2508 dum
1170 2471 1204 2507 se
1223 2472 1349 2509 accin-

1087 2525 1187 2560 C.iii.
