1591 2775
541 20 794 65 CAPVT
842 25 973 65 VII.
1331 24 1404 72 ἑοῦ

111 88 252 137 ἀηδία
272 88 456 132 Dominus
478 95 542 130 eos
555 94 686 144 quibus
705 94 803 131 intus
815 91 1040 144 obsequendi
1061 95 1399 149 promptitudinem

108 149 343 200 inspiratmec
354 144 431 184 sola
444 155 624 197 praecepta
636 146 770 196 arripit,
777 143 839 183 sed
851 144 958 184 rebus
975 159 1157 186 annexam
1170 152 1298 200 gratiae
1308 156 1405 202 pro-'-

107 198 416 250 miffionem‚quae
427 197 504 236 sola
515 194 606 236 facit
618 212 654 236 vt
667 197 770 246 quod
780 210 947 235 amarum
960 199 1011 236 est
1023 197 1217 240 dulcescat.
1231 202 1341 255 Qud
1353 216 1396 242 e-

108 255 185 292 nim
198 254 300 307 Lege
312 254 432 289 minus
445 248 605 288 amabile
616 278 625 294 ,
638 250 664 288 fi
673 249 878 302 flagitando
895 246 1038 288 tannim
1053 255 1089 288 δε
1100 253 1275 292 minando
1289 260 1394 295 meru

107 307 267 344 solicitet
276 306 465 345 animam&
479 313 623 339 terrore
635 311 759 354 angat?
770 301 969 340 Praesertim
984 301 1074 340 vero
1086 305 1245 344 ostendit
1256 302 1394 352 Dauid,

106 361 194 398 sein
207 361 307 410 Lege
320 356 571 395 Mediatorem
581 352 953 407 apprehendiffe‚fine
963 367 1039 407 quo
1049 356 1150 395 nulla
1163 359 1213 395 est
1225 357 1394 411 oblecta:

107 415 164 451 tio
178 412 237 449 vel
246 411 414 448 suauitas.

158 475 193 508 13
248 462 369 514 Qod
391 457 592 498 discernere
613 457 879 510 dumss'imperiti
899 460 1044 511 quidam
1065 462 1228 502 nesciunt
1239 491 1249 507 ‚
1265 475 1392 505 totum

105 517 240 556 Mosen
250 509 412 552 animose
425 510 643 563 explodunt,
661 509 820 562 duasque
835 515 942 566 Legis
955 513 1098 552 tabulas
1111 516 1233 557 valere
1245 516 1389 557 iubent:

106 571 192 620 quia
212 567 351 606 scilicet
370 564 581 603 Christianis
601 564 764 602 alienum
787 560 859 602 effe
879 565 1104 606 arbitrantur
1121 567 1308 606 adhaerere
1321 569 1391 607 do-

103 624 228 662 strinae
239 632 319 670 quae
331 618 461 656 mortis
480 615 837 655 administrationem
851 620 1026 657 continet.
1047 618 1204 659 Facessat
1214 618 1327 675 longe
1342 635 1389 662 ex

99 676 232 715 animis
245 672 373 709 nostris
386 667 542 721 profana
554 669 645 706 istaec
657 670 800 720 opinio.
822 668 969 721 pulchre
982 673 1083 709 enim
1104 671 1229 712 docuit
1241 673 1382 719 Moses,

102 727 245 781 Legem
259 752 268 768 ‚
280 737 360 776 quae
371 721 468 773 apud
481 734 693 772 peccatores
719 721 810 760 nihil
820 719 930 772 quam
941 736 1104 762 mortem
1125 721 1303 777 generare
1315 742 1386 777 po-

102 782 182 823 test,
196 779 234 815 in
249 776 382 815 sanctis
393 773 589 812 meliorem
601 773 965 826 praestantiore‘mque
977 774 1113 815 habere
1121 776 1256 816 debere
1269 778 1382 818 vsum.

99 831 154 872 'sic
164 832 263 870 enim
276 830 477 866 moriturus
503 827 642 876 populo
656 825 766 864 edixit
777 853 787 868 ‚
805 829 935 865 Ponite
948 828 1057 867 corda
1086 831 1243 868 vestrain
1255 833 1381 871 omnia
1394 836 1556 891 Deutssgz*

97 885 212 924 verba
226 896 304 929 quae
315 894 387 935 ego
402 876 571 918 testificor
582 878 686 915 vobis
699 877 813 916 hodie
823 905 834 923 ,
849 892 887 918 vt
898 880 1078 919 mandetis
1092 896 1135 921 ea
1146 881 1228 920 filiis
1239 884 1377 928 vestris,
1389 901 1474 944 με
1541 877 1553 900 ⁵

100 933 333 986 doceatisque
345 929 667 972 custodire‚facere
679 931 880 981 &implere
892 932 1056 971 vniuersa
1069 948 1147 985 quae
1159 936 1289 987 scripta
1299 936 1380 976 sunt

98 992 138 1028 in
151 988 340 1027 volumine
354 986 460 1035 Legis
470 983 590 1024 huius,
605 984 691 1032 quia
702 997 776 1019 non
788 979 965 1020 incassum
975 998 1154 1037 praecepta
1169 989 1247 1026 sunt
1260 990 1375 1034 vobis.

97 1041 159 1081 sed
170 1052 208 1078 vt
218 1038 350 1091 finguli
362 1039 399 1075 in
410 1039 463 1075 eis
477 1038 657 1073 viuerent.
670 1032 791 1085 Qod
802 1035 826 1071 fi
837 1036 1046 1074 absolutum
1059 1040 1096 1074 in
1110 1052 1151 1076 ea
1162 1041 1303 1079 iustitiae
1315 1055 1380 1079 ex-

96 1093 239 1146 emplar
248 1091 415 1131 eminere
427 1100 540 1125 nemo
551 1084 732 1123 inficietur
744 1113 753 1129 ,
767 1098 831 1124 aut
845 1086 983 1125 nullam
998 1085 1070 1126 effe
1090 1092 1197 1128 nobis
1209 1090 1309 1130 reete
1321 1096 1330 1130 i
1337 1108 1380 1132 u-

95 1146 224 1196 steque
236 1141 380 1182 viuendi
390 1137 558 1195 regulam
572 1150 734 1189 oportet,
747 1151 812 1176 aut
822 1140 868 1176 ab
881 1152 924 1177 ea
936 1138 1036 1178 nefas
1049 1143 1098 1179 est
1111 1141 1308 1182 discedere.
1322 1149 1377 1183 Si-

88 1197 244 1251 quidem
257 1208 332 1234 non
345 1192 479 1244 plum-³,
492 1189 554 1228 sed
565 1203 634 1228 vna
647 1191 697 1228 est
709 1204 885 1242 perpetua
899 1196 933 1229 δε
944 1193 1149 1233 inflexibilis
1160 1197 1305 1234 viuendi
1318 1211 1377 1236 re-

93 1246 455 1305 gula.Qamobrem
468 1242 569 1294 quod
580 1243 662 1280 iusti
674 1242 833 1281 hominis
845 1245 953 1283 vitam
961 1246 999 1283 in
1014 1249 1123 1299 Legis
1134 1241 1375 1289 meditation'e

94 1303 306 1342 continuam
321 1297 404 1336 facit
415 1296 539 1334 Dauid
557 1322 566 1337 ‚
578 1295 613 1332 id
625 1309 671 1332 ne
682 1295 728 1332 ad
740 1295 905 1335 seculum
931 1311 1040 1336 vnum
1052 1301 1251 1339 referamus
1267 1329 1276 1344 ,
1290 1305 1375 1354 quia
1392 1307 1547 1361 17:234}

92 1353 242 1409 fingulis
253 1351 297 1390 ad
309 1349 422 1388 finem
436 1347 561 1387 mundi
573 1349 738 1386 aetatibus
751 1348 1133 1389 conuenientissimum
1144 1354 1194 1390 est
1209 1367 1297 1392 :nec
1308 1355 1371 1393 ab·
1535 1357 1542 1363 ‘

92 1410 309 1446 sterrearnur
319 1402 426 1445 ide01,
438 1413 499 1439 aut
523 1399 747 1452 resugiamus
769 1401 816 1439 ab
829 1404 906 1440 eius
927 1403 1154 1442 institutione
1166 1404 1265 1455 quod
1285 1421 1375 1447 exa..

93 1462 250 1498 &iorem
273 1453 393 1494 multo
416 1454 644 1492 sanctitatem
667 1452 871 1504 praescribat
895 1453 1004 1505 quarn
1029 1460 1226 1506 praestaturi
1249 1460 1373 1500 sumus

94 1511 184 1550 dum
196 1506 477 1548 circunferemus
499 1517 684 1544 carcerem
698 1509 862 1556 corporis
875 1508 999 1544 nostri.
1022 1510 1110 1547 Non
1123 1511 1221 1548 enirn
1236 1514 1309 1550 iam
1321 1515 1372 1551 ri..

91 1564 167 1616 gidi
182 1561 360 1601 exactoris
371 1562 488 1598 vicem
504 1570 590 1612 erga
600 1562 670 1595 nos*
678 1556 841 1609 fungitur
852 1586 862 1603 ,
875 1562 929 1607 cui
945 1574 1017 1597 non
1030 1559 1179 1601 satisfiat
1191 1564 1258 1601 nifi
1271 1561 1370 1604 solu..

90 1631 132 1655 to
147 1613 280 1667 penso:
294 1612 404 1650 sedin
417 1611 483 1649 hac
492 1613 535 1648 ad
548 1623 656 1661 quarn
669 1625 736 1648 nos
749 1610 964 1650 adhortatur
974 1614 1215 1662 perfeffione,
1227 1624 1369 1655 metam

90 1667 315 1706 demonstrat
328 1663 372 1701 ad
383 1676 493 1714 quam
513 1664 618 1700 nobis
631 1674 711 1700 tota
723 1664 797 1701 vita
817 1665 1042 1702 contendere
1053 1678 1127 1703 non
1145 1669 1266 1706 minus
1278 1670 1368 1708 vtile

90 1722 140 1759 est
152 1717 261 1770 quam
273 1715 396 1756 officio
417 1718 542 1753 nostro
556 1714 853 1752 consentaneum.
872 1720 911 1753 In
922 1729 993 1767 qua
1008 1721 1243 1757 contentione
1254 1721 1279 1758 fi
1290 1726 1367 1760 non

88 1768 393 1811 deficimus.bene
406 1767 633 1805 eststadium
646 1780 791 1817 nanque
803 1769 852 1804 est
864 1780 942 1806 tora
956 1768 1028 1805 haec
1039 1772 1228 1813 vita‚cuius
1239 1773 1367 1812 decur-

87 1824 127 1863 so
140 1823 267 1874 spatio,
280 1820 385 1858 dabit
399 1821 583 1858 Dominus
597 1831 633 1857 vt
646 1831 784 1857 metam
796 1819 899 1857 illam
910 1846 921 1865 ,
932 1821 978 1859 ad
989 1834 1099 1873 quam
1111 1836 1206 1861 nunc
1217 1828 1369 1865 eminus

87 1880 256 1915 nituntur
266 1874 388 1911 nostra
399 1871 734 1915 studia,teneamus.

26 1966 30 1968 ,
139 1941 181 1975 14
233 1928 345 1965 Nunc
356 1935 446 1978 ergo
459 1925 632 1974 quoniam
647 1926 718 1961 vim
741 1922 1008 1963 exhortationis
1019 1938 1104 1979 erga
1115 1924 1240 1966 fideles
1252 1927 1368 1969 habet

89 1982 259 2022 Lex‚non
270 1989 350 2029 quae
362 1989 491 2026 eorum
507 1977 740 2014 conscientias
754 1976 1010 2020 malediCtione
1021 1978 1126 2034 liget,
1144 1979 1205 2018 sed
1217 1994 1296 2032 quae
1306 1984 1364 2032 pi-

86 2034 232 2085 gritiarn
245 2059 256 2073 ,
269 2028 418 2070 subinde
429 2028 595 2068 instando
618 2032 779 2067 excutiat
790 2057 800 2073 ,
814 2033 848 2067 δι
863 2029 1188 2080 ὶωρετῑεᾶίοηειῃ
1202 2034 1363 2072 vellicet:

87 2086 196 2124 multi
207 2084 295 2123 dum
317 2082 445 2120 volunt
456 2079 654 2132 significare
676 2080 768 2118 hanc
780 2081 825 2119 ab
837 2081 933 2120 ill-ius
953 2083 1218 2123 maledictione
1230 2085 1365 2125 libera-

88 2135 371 2178 tionem,dicunt
382 2133 601 2187 abrogatam
618 2130 691 2171 effe
705 2136 844 2186 Legem
856 2132 1090 2185 fidelibus(de
1104 2137 1235 2175 morali
1245 2137 1366 2176 adhuc

89 2188 248 2241 loquor)
264 2201 338 2225 non
351 2184 454 2238 quod
464 2185 620 2236 amplius
632 2186 703 2224 illis
722 2201 799 2224 non
811 2187 934 2225 iubeat
945 2190 1043 2237 quod
1064 2190 1200 2227 rectum
1216 2191 1266 2227 est
1278 2217 1288 2232 ,
1302 2189 1365 2228 sed

88 2241 265 2280 duntaxat
280 2253 328 2278 ne
339 2240 381 2277 fit
394 2239 465 2277 illis
477 2237 576 2289 quod
588 2251 696 2277 antea
708 2253 797 2282 erat,
814 2239 884 2277 hoc
895 2241 958 2282 est,
973 2254 1019 2278 ne
1031 2254 1161 2278 eorum
1175 2244 1365 2280 conscien-

89 2297 154 2331 tias
168 2292 403 2344 perterrendo
415 2296 446 2328 &
457 2289 888 2332 confundendo,damnet
899 2304 941 2330 ac
955 2293 1144 2344 perdat.Et
1155 2291 1238 2332 sane
1251 2294 1365 2333 talem

91 2348 199 2398 Legis
214 2346 495 2398 abrogationem
510 2357 583 2380 non
595 2341 746 2381 obscure
757 2344 866 2382 docet
879 2346 1024 2383 Paulus.
1044 2350 1072 2383 Α
1089 2347 1255 2384 Domino
1269 2360 1367 2398 quo-

88 2411 160 2446 que
181 2392 285 2435 fuisse
308 2396 530 2447 praedicatam
548 2408 592 2432 ex
614 2409 658 2432 eo
674 2409 827 2446 apparet
845 2395 944 2447 quod
968 2400 1183 2448 opinionem
1204 2399 1306 2436 illam
1320 2399 1368 2436 de

91 2452 191 2504 Lege
202 2448 220 2488 ὲ
231 2447 266 2489 se
291 2447 492 2502 diffipanda
503 2461 579 2487 non
601 2445 788 2491 refutasset
800 2450 865 2488 nifi
888 2448 1093 2490 inualuiffet
1106 2453 1202 2488 inter
1213 2451 1371 2489 ludaeos.

1140 2515 1205 2541 on.
