1591 2775
204 36 272 83 ω
566 30 783 70 Lisai
837 0 1176 71 nevum

210 97 523 145 coer-centaurum
537 113 583 138 ne
596 99 789 142 ebulliant,
809 111 989 149 quatenus
1002 100 1177 150 expedire
1188 100 1365 153 prouidet
1377 103 1423 143 ad
1435 105 1530 146 conl.

213 154 427 196 seruandam
442 166 565 191 rerum
580 152 972 190 vniuerfitatem.Hinc
991 152 1053 190 alii
1067 153 1288 204 pudore‚alii
1304 156 1429 208 legum
1443 171 1523 198 me-

216 222 258 248 tu
272 210 478 246 retinentur
490 218 535 242 ne
547 207 582 241 in
597 205 717 244 multa
730 203 903 243 foeditatis
918 218 1056 257 genera
1072 219 1328 258 prorumpant,
1345 222 1528 260 vtcunque

218 263 322 300 suam
335 272 471 312 magna
483 272 530 296 ex
547 269 649 308 parte
660 259 917 307 impuritatem
930 272 1006 296 non
1021 255 1259 297 dissimulent.
1273 261 1440 314 alii‚quia
1455 262 1527 300 ho-
1556 293 1560 296 .

220 314 360 353 nestam
372 310 521 349 viuendi
534 311 723 348 rationem
734 309 941 349 conducere
955 310 1091 349 ducant
1103 339 1113 356 ‚
1126 311 1173 349 ad
1185 326 1265 350 eam
1292 327 1475 365 vtcunque
1485 328 1526 354 a-

223 360 341 418 spirat.
353 365 412 403 alii
427 362 535 415 supra
546 362 736 417 vulgarem
746 360 884 400 sortem
897 376 1187 415 emergunt‚quo
1203 362 1264 403 sua
1278 368 1466 405 maiestate
1481 357 1525 405 ια’

222 419 293 456 lios
305 418 522 455 contineant
543 417 580 453 in
593 413 734 453 officio.
757 418 813 453 Ita
828 416 887 454 sua
911 416 1147 467 prouidentia
1161 420 1264 456 Deus
1285 431 1423 457 naturae
1438 424 1527 470 per-v
1581 452 1589 458 .

225 471 438 512 uerfitatem
449 468 684 511 refraenat,ne
697 468 735 505 in
746 470 870 506 astum
882 468 1128 520 erumpatzsed
1144 483 1217 507 non
1233 484 1369 526 purgat
1381 475 1493 510 intus.
1523 463 1526 470 ¹

278 536 304 570 4
358 521 538 560 Nondum
552 532 674 559 tamen
692 519 831 558 solutus
846 523 896 558 est
910 521 1192 572 scrupulus.Aut
1204 525 1304 561 enim
1319 524 1527 563 Camillum

225 588 354 629 parem
379 574 551 612 Catilinae
571 571 747 611 Faciamus
762 575 959 615 ‚conuenit
972 588 980 610 :
993 576 1105 612 autin
1124 575 1288 614 Camillo
1304 575 1528 616 habebimus
1572 605 1589 617 -,

229 627 645 678 exemplummaturam,
661 626 685 663 fi
695 625 811 664 studio
823 625 1199 668 excolatunbonitate
1217 641 1291 665 non
1303 627 1451 678 prorsus
1465 642 1532 667 va«
1570 635 1589 645 *¹

228 693 327 719 care.
351 682 432 730 Ego
442 678 533 718 vero
546 677 776 730 sareonquae
790 680 826 715 in
838 678 996 715 Camillo
1009 678 1161 717 fuerunt
1173 680 1340 729 speciosae
1352 680 1471 724 dotes,
1490 686 1530 719 δε

230 735 305 773 Dei
323 729 431 771 fuifl'e
441 731 593 773 dona‚&
607 732 687 768 iure
699 730 1018 768 commendabiles
1031 730 1187 775 videri,fi
1199 733 1237 769 in
1251 732 1284 770 se
1295 734 1534 773 aestimentur.
1587 755 1590 767 ι

232 785 295 825 sed
307 784 499 836 quomodo
522 783 693 822 naturalis
714 783 907 834 probitatis
931 796 1038 821 erunt
1049 784 1085 820 in
1107 785 1186 835 ipso
1198 783 1534 824 documentaiAn-

233 853 310 876 non
321 837 364 875 ad
376 839 538 876 animum
552 835 779 874 redeundum
793 839 859 873 erit
873 863 882 878 ,
901 839 935 873 &
950 834 1025 872 haec
1049 835 1216 874 ducenda
1228 839 1486 876 ratiocinatio?
1500 838 1534 878 Si

235 892 351 929 homo
364 890 531 929 animalis
547 890 608 927 tali
620 900 767 926 motum
782 889 999 942 integritate
1013 890 1259 938 prestitit‚non
1273 884 1393 928 deesse
1404 893 1535 942 vtique

67 941 141 975 ΗΜ
157 932 216 987 d¹s²
237 957 375 982 naturae
385 942 429 981 ad
442 944 585 981 virtutis
599 941 754 993 studium
769 938 993 978 facultatem.
1007 940 1116 992 Qid
1128 954 1256 979 autern
1270 942 1294 979 fi
1308 945 1406 980 anim
1415 957 1453 981 us
1469 956 1534 992 pra

61 994 219 1040 PWMA'*
238 1011 300 1036 uus
313 994 423 1034 fuerit
449 1000 481 1033 &
495 1007 687 1033 contortus
699 1020 709 1036 ,
723 995 783 1044 qui
794 992 891 1031 aliud
912 995 1035 1044 potius
1050 994 1193 1042 quiduis
1219 993 1329 1045 quam
1342 995 1538 1033 rectitudi<

58 1043 209 1093 g'stflmd
236 1063 322 1087 nem
337 1049 489 1087 seetatus
507 1048 572 1086 fit?
588 1048 632 1084 Et
644 1046 756 1084 talem
771 1042 878 1083 fuiffe
899 1059 974 1083 non
988 1044 1142 1084 dubium
1158 1047 1208 1084 est
1221 1074 1230 1090 ,
1245 1047 1269 1084 fi
1282 1046 1476 1085 animalem
1489 1048 1538 1085 il-

67 1093 219 1140 ltl⁷041⁶⁰r³
238 1101 315 1140 lum
330 1101 523 1138 hominem
538 1098 723 1137 concedis.
745 1099 878 1151 Qam
892 1097 983 1135 mihi
994 1100 1030 1134 in
1046 1098 1112 1135 hac
1128 1111 1231 1150 parte
1243 1099 1456 1150 praedicabis
1468 1098 1541 1138 hu-

67 1158 119 1184 ”4
135 1149 222 1182 sulm
237 1167 354 1194 manae
366 1166 500 1192 naturae
512 1152 710 1190 adbonum
725 1152 933 1201 potentiam
947 1179 958 1192 ‚
972 1151 996 1188 fi
1008 1152 1045 1187 in
1060 1151 1200 1188 summa
1221 1153 1445 1205 integritatis
1457 1152 1541 1203 spe-

70 1213 162 1238 m‘m·
238 1211 294 1246 cie
310 1207 453 1257 semper
473 1205 519 1243 ad
531 1205 807 1255 corruptionem
831 1200 920 1239 ferri
933 1201 1217 1252 deprehenditur
1231 1214 1241 1242 ?
1255 1206 1353 1256 Ergo
1368 1216 1405 1242 vt
1417 1203 1544 1242 homi·
1566 1238 1570 1243 .

239 1272 327 1298 nem
341 1257 505 1297 iivirtute
528 1272 604 1295 non
615 1254 939 1294 commendaueris
952 1282 961 1296 ‚
976 1257 1078 1292 cuius
1100 1258 1188 1293 vitia
1208 1256 1272 1294 sub
1293 1259 1433 1294 virtutis
1446 1258 1540 1294 ima-

239 1315 331 1365 gine
345 1313 554 1362 imponunt:
568 1309 798 1346 itahumanae
815 1307 997 1345 voluntati
1010 1307 1101 1344 reffi
1115 1308 1309 1359 expetendi
1324 1307 1543 1347 facultatem
1590 1305 1591 1308 ¹

242 1379 317 1404 non
332 1364 482 1407 tribuas,
498 1357 792 1413 quantisperipsa
806 1360 842 1396 in
854 1360 918 1397 sua
930 1360 1168 1409 peruersitate
1183 1359 1301 1399 defixa
1317 1363 1378 1399 est.
1403 1361 1540 1413 Qan-

243 1430 357 1467 quam
371 1415 444 1453 haec
454 1412 654 1452 certiffima
667 1415 717 1450 est
731 1417 763 1450 &
776 1409 955 1449 facillima
967 1411 1073 1449 huius
1085 1415 1293 1463 quaestionis
1306 1414 1543 1452 solutiomon

242 1467 316 1508 effe
328 1470 407 1505 istas
422 1479 638 1505 communes
657 1478 793 1503 narurae
804 1464 922 1506 dotes,
942 1463 1004 1503 sed
1018 1465 1188 1515 speciales
1206 1468 1275 1504 Dei
1288 1469 1440 1520 gratias,
1455 1479 1544 1516 quas

242 1520 340 1559 varie
355 1525 388 1558 δε
403 1521 446 1558 ad
458 1533 598 1558 certum
609 1518 765 1555 modum
778 1514 943 1567 profanis
967 1519 1106 1568 alioqui
1119 1518 1332 1556 hominibus
1353 1517 1545 1569 dispensat.

243 1576 336 1626 Qa
350 1575 495 1610 ratione
508 1586 583 1609 non
606 1569 846 1609 formidamus
861 1573 897 1608 in
911 1571 1051 1623 vulgari
1075 1572 1243 1608 sermone
1257 1572 1355 1608 hunc
1367 1571 1462 1608 bene
1474 1583 1545 1608 na-
1579 1568 1580 1573 ¹

243 1639 342 1667 tum,
358 1625 464 1663 illum
481 1637 600 1675 prauae
612 1636 747 1661 naturae
759 1622 890 1659 dicere.
916 1624 997 1660 Nec
1009 1636 1134 1660 tamen
1152 1636 1333 1674 vtrunque
1345 1623 1545 1661 definimus

246 1678 433 1717 includere
446 1677 508 1716 sub
527 1676 716 1715 vniuersali
731 1675 900 1714 humana:
917 1677 1109 1727 prauitatis
1123 1676 1337 1714 conditione
1351 1691 1360 1714 :
1375 1675 1437 1713 sed
1447 1675 1546 1713 indi-

247 1745 369 1769 camus
384 1730 469 1782 quid
481 1727 644 1781 specialis
653 1731 785 1782 *gratiae
797 1730 831 1765 in
852 1728 1009 1766 alterum
1025 1729 1214 1766 Dominus
1230 1729 1431 1766 contulerit
1443 1754 1454 1772 ,
1468 1741 1547 1779 quo

75 1794 203 1826 [ὥρη.
246 1785 403 1822 alterum
419 1797 494 1821 non
518 1783 559 1820 fit
571 1781 602 1819 di
637 1794 753 1819 natus.
773 1780 914 1822 Saulem
938 1779 1121 1829 praeficere
1142 1794 1262 1835 tegno
1280 1781 1431 1823 volens,
1445 1779 1552 1831 quaff

75 1852 126 1879 10.
137 1840 194 1878 ΒΛ
247 1851 390 1874 nouum
404 1835 595 1873 hominem
608 1796 799 1872 {otmarum
812 1846 923 1884 atque
935 1832 1012 1871 haec
1024 1835 1116 1870 ratio
1128 1835 1178 1870 est
1190 1846 1253 1870 cur
1268 1833 1386 1875 Plato,
1400 1833 1446 1870 ad
1459 1833 1546 1870 Ho-

248 1890 424 1928 mericam
435 1888 597 1925 fabulam
613 1886 779 1924 alludens
796 1913 805 1928 ‚
821 1889 968 1940 Regum
980 1884 1077 1924 filios
1096 1889 1210 1923 creari
1224 1885 1322 1923 dicat
1343 1885 1463 1937 aliqua
1477 1886 1547 1921 sin-

247 1941 369 1996 gulari
391 1954 480 1979 nota
499 1940 657 1993 infignes
673 1941 781 1989 :quia
806 1942 905 1977 Deus
930 1938 1093 1976 humano
1113 1935 1241 1990 generi
1264 1938 1456 1976 consulere
1477 1947 1561 1974 vo-2

246 1997 325 2032 lens
339 2020 348 2036 ,
364 1993 453 2042 saepe
475 2006 567 2043 quos
591 1992 636 2029 ad
653 1993 848 2042 imperium
869 1992 1022 2028 destinat
1037 2017 1046 2033 ‚
1061 1989 1208 2028 heroica
1230 2002 1362 2028 natura
1389 1991 1546 2029 instruit.
1570 2017 1573 2020 -

248 2059 361 2097 atque
375 2059 417 2082 ex
441 2045 506 2082 hac
520 2042 665 2082 officina
688 2044 829 2095 prodiit
850 2042 1023 2094 quicquid
1044 2056 1268 2094 magnorum
1288 2042 1421 2080 ducum
1446 2042 1549 2080 cele·-

247 2099 355 2136 braut
379 2098 548 2135 historiae.
574 2097 672 2133 Idem
699 2101 732 2133 8(
754 2097 800 2134 de
822 2098 973 2147 priuatis
1000 2096 1213 2133 hominibus
1236 2095 1461 2133 censendum
1484 2095 1550 2133 est.

249 2150 319 2189 Sed
332 2154 419 2202 quia
430 2163 467 2188 vt
482 2146 791 2200 praestantiffimus
803 2149 952 2200 quisque
964 2149 1033 2188 fuit
1044 2175 1053 2192 ‚
1070 2161 1155 2186 eum
1169 2149 1311 2198 semper
1323 2147 1470 2199 impulit
1483 2148 1547 2186 sua
1569 2159 1571 2174 ³

246 2203 403 2241 ambitio
418 2206 516 2254 (qua
529 2203 613 2239 labe
627 2201 810 2239 foedantur
830 2214 960 2239 omnes
973 2205 1125 2239 virtutes
1136 2228 1146 2244 ‚
1161 2213 1198 2239 vt
1212 2213 1339 2238 coram
1364 2205 1450 2238 Deo
1461 2213 1547 2252 gra-

248 2259 340 2294 tiam
354 2253 507 2294 omnem
523 2254 724 2300 amittant)
741 2268 805 2304 pro
820 2254 936 2291 nihilo
949 2253 1161 2292 ducendum
1185 2253 1236 2290 est
1248 2253 1423 2304 quicquid
1435 2252 1545 2291 laude

249 2308 405 2360 dignum
428 2321 580 2360 apparet
601 2310 635 2343 in
672 2307 885 2344 hominibus
906 2305 1072 2357 profanis
1087 2335 1096 2344 .
1118 2305 1223 2344 Adde
1244 2304 1346 2357 quod
1372 2309 1556 2358 praecipua·

247 2374 331 2412 pars
344 2360 569 2399 rectitudinis
581 2358 703 2397 deficit
716 2359 775 2397 vbi
788 2359 931 2398 nullum
951 2361 1000 2397 est
1012 2358 1232 2398 illustrandae
1246 2362 1318 2397 Dei
1331 2360 1461 2412 gloriae
1473 2358 1562 2396 stu-'

248 2414 350 2452 dium
362 2441 372 2456 ,
387 2428 462 2465 quo
475 2415 580 2452 vacui
592 2413 673 2451 sunt
693 2426 824 2450 omnes
836 2426 930 2463 quos
942 2414 1072 2464 Spiritu
1085 2415 1161 2449 suo
1174 2426 1250 2449 non
1264 2413 1442 2463 regenuit.
1464 2413 1548 2449 Nec

78 2465 232 2516 1efiu.a.3
248 2465 338 2506 vero
350 2466 481 2506 frustra
490 2467 622 2508 dicitur
632 2463 1024 2519 apudlesaiamssuper
1036 2465 1218 2506 Christum
1231 2465 1461 2517 requiescere
1476 2464 1546 2513 spi-

1433 2527 1551 2556 ntum·
