1591 2775
514 7 755 50 CAPvT
808 6 988 55 v11s12.
1215 26 1220 30 -
1308 0 1384 58 ,ξιξ

98 74 304 131 plectamur
314 90 392 129 quae
414 76 496 116 sunt
507 79 716 128 ei-propria.
735 73 836 126 quod
848 89 940 130 ergo
967 86 1065 114 vetat
1076 73 1215 115 habes-e
1237 73 1381 114 alienos

98 133 188 169 deos
204 157 215 173 ,
228 145 273 169 eo
288 129 463 177 fignificat
483 143 528 167 ne
539 128 637 179 quod
649 128 712 166 fibi
735 131 921 178 proprium
937 128 988 165 est
998 154 1008 171 ‚
1022 128 1096 166 alio
1109 126 1382 167 transferamus-

97 180 171 221 Etfi
184 173 402 232 autem⁸quae
413 183 499 218 Deo
512 180 689 219 debemus
705 183 894 217 innumera
906 179 984 217 sunt
995 207 1004 224 ‚
1022 179 1066 216 ad
1078 193 1239 229 quatuor
1253 192 1380 218 tamen

95 238 220 285 capita
231 249 303 272 nou
317 231 438 284 inepte
450 230 669 272 referentur.
690 231 972 273 siderationem,
985 233 1042 268 cui
1053 232 1189 269 accedit
1201 245 1378 281 tanquam

96 288 275 337 appendix
292 313 301 328 ‚
316 286 497 337 spirituale
513 285 740 321 conscientiae
758 281 971 334 obsequium
988 283 1185 321 :Fiduciam
1201 311 1211 327 ‚
1227 288 1377 322 inuoca-

95 341 249 381 tionem‚
273 341 480 376 Gratiarum
493 338 688 374 actionem.
710 335 979 372 Adoracionem
991 349 1084 372 voco
1097 337 1376 375 venerationem

95 403 138 428 ac
149 391 289 428 cultum
301 403 408 440 quem
422 389 472 426 illi
484 389 603 426 reddit
614 388 771 438 quilibet
785 386 948 424 nostrum
961 416 971 432 ,
985 389 1043 425 vbi
1058 388 1092 425 se
1105 391 1179 426 eius
1192 394 1376 437 magnitu-

94 443 172 479 dini
186 441 357 480 submisit.
382 440 514 492 Qare
527 454 600 478 non
613 438 805 477 immerito
828 444 903 477 eius
918 453 1051 489 partem
1065 438 1160 477 facio
1172 468 1181 482 ,
1195 442 1295 491 quod
1307 455 1377 478 no-

94 495 182 532 stras
196 495 429 531 conscientias
443 496 521 531 eius
546 495 633 544 Legi
651 491 872 530 subjicimus.
893 492 1040 530 Fiducia
1053 494 1101 530 est
1116 519 1125 534 ‚
1141 507 1184 530 ex
1196 496 1375 532 virtutum

95 549 171 584 eius
192 547 446 598 recognitione
458 572 468 588 ,
481 544 727 596 acquiescendi
748 546 784 581 in
809 557 854 581 eo
876 544 1043 582 securitas
1056 560 1064 582 :
1077 555 1186 595 quum
1204 547 1238 582 in
1263 561 1308 583 eo
1323 547 1376 584 sa-

93 599 285 649 pientiam,
300 599 708 648 iustitiam,potentiam,
723 597 1140 640 veritatem‚bonitatem
1153 611 1301 636 omnem
1316 611 1376 635 re-

93 663 274 701 ponentes
288 675 298 693 ,
317 649 391 687 sola
414 651 491 687 eius
515 650 857 687 communicatione
881 663 946 686 nos
966 649 1093 687 beatos
1116 650 1376 689 existimamus.

95 705 302 745 Inuocatio,
315 702 355 740 fit
368 702 500 740 mentis
516 703 658 744 nostrae,
675 703 818 751 quoties
834 713 938 752 vrget
951 702 1024 739 vlla
1037 699 1235 746 necessitas,
1249 706 1284 740 in
1297 706 1376 741 eius

95 753 206 792 fidem
223 766 332 804 atque
343 767 454 804 opem
469 765 824 804 receptus,tanquam
837 753 884 790 ad
897 755 1035 792 vnicum
1050 754 1263 803 praesidium.
1282 759 1377 792 Gra-

92 809 227 844 tiarum
238 807 400 848 aciiQest
440 806 692 855 raritudo,qua
704 805 782 842 laus
794 804 979 853 bonorum
995 808 1161 843 omnium
1174 807 1227 844 illi
1245 809 1376 845 tribui·
1422 852 1426 854 ‚

91 871 162 897 rur.
174 860 326 897 Horum
336 870 371 895 vt
382 819 475 896 nffiil
487 860 623 908 patitur
634 859 819 896 Dominus
833 855 905 894 alio
917 857 1074 895 deriuari
1090 885 1099 899 ‚
1113 860 1162 896 ita
1174 862 1298 897 omnia
1310 860 1375 898 sibi

90 912 131 948 in
143 911 299 948 solidum
321 910 484 948 exhiberi
510 909 670 947 mandat.
692 910 826 958 Neque
849 912 948 946 enim
974 910 1052 947 satis
1065 908 1102 947 fu
1110 913 1175 948 erit
1194 912 1238 949 ab
1251 912 1375 949 alieno

91 963 272 1000 abstinere
283 964 353 1000 deo
368 989 377 1005 ‚
394 962 460 998 nisi
471 964 507 999 in
519 961 592 998 hoc
612 961 691 1012 ipso
707 973 742 998 te
753 962 953 998 contineas.
972 961 1071 1011 quod
1085 962 1205 1000 nefarii
1225 964 1375 1015 quidam

92 1027 370 1065 contemptores
384 1014 503 1051 solent
514 1041 524 1057 ‚
542 1014 673 1064 quibus
684 1013 864 1050 summum
882 1014 1143 1064 compendium
1157 1019 1206 1054 est
1217 1017 1374 1068 religio-

92 1081 157 1105 nes
170 1081 297 1104 omnes
310 1065 470 1104 ludibrio
482 1064 628 1102 habere.
655 1067 766 1114 Atqui
780 1064 954 1113 praecedat
967 1078 1118 1114 oportet
1130 1080 1214 1105 vera
1227 1069 1372 1119 religio,

91 1132 163 1169 qua
176 1120 210 1156 in
231 1122 352 1157 Deum
375 1119 560 1156 viueutem
576 1118 690 1154 animi
710 1113 935 1154 referantur:
950 1119 1050 1154 cuius
1073 1121 1286 1169 cognitione
1301 1123 1374 1158 im..

93 1171 174 1209 buti
189 1198 198 1214 ,
211 1171 256 1208 ad
268 1168 526 1221 suspiciendam
539 1196 549 1212 ‚
563 1167 763 1206 timendam
776 1194 786 1210 ‚
801 1167 995 1206 colendam
1007 1170 1113 1220 ipsius
1126 1172 1368 1215 maiestatem,

89 1223 137 1261 ad
156 1220 435 1273 amplexandam
459 1222 644 1258 bonorum
667 1223 743 1258 eius
764 1221 1138 1259 communicationem
1160 1250 1170 1265 ,
1194 1223 1237 1260 ad
1258 1237 1372 1273 opem

91 1275 224 1325 vbique
238 1273 495 1325 requirendam
508 1299 518 1317 ,
533 1274 577 1310 ad
588 1272 919 1324 recognoscendam
943 1271 1130 1325 laudisque
1142 1274 1373 1315 confessione

90 1327 345 1365 celebrandam
368 1339 524 1377 operum
548 1326 858 1378 magnificentiam
875 1352 884 1368 ,
898 1327 933 1362 in
956 1327 1131 1365 omnibus
1147 1329 1228 1365 vitae
1250 1330 1370 1367 aritio-

90 1380 211 1421 nibus‚
229 1392 399 1428 tanquam
413 1379 460 1415 ad
474 1379 618 1415 vnicuni
631 1377 780 1427 scopum
793 1405 802 1421 ,
816 1375 986 1427 aspirent.
1008 1390 1087 1417 tum
1102 1392 1275 1418 caueatur
1286 1394 1371 1431 pra-

90 1445 137 1469 ua
148 1433 365 1480 superstitio,
378 1443 448 1481 qua
458 1432 571 1467 animi
583 1428 603 1467 a
615 1442 702 1467 vero
716 1432 800 1467 Deo
813 1429 946 1467 deflexi
958 1457 966 1473 ,
986 1429 1057 1468 huc
1068 1444 1177 1483 atque
1188 1432 1288 1476 illuc,
1302 1447 1371 1473 ceu

90 1484 130 1521 in
143 1487 256 1521 varios
269 1482 483 1521 diducuntur
494 1482 759 1520 deos.Proinde
771 1483 795 1519 fi
809 1496 879 1520 vno
890 1485 976 1520 Deo
990 1483 1094 1521 fimus
1108 1488 1372 1528 contenti,me-

83 1540 212 1573 ,moria
236 1548 442 1585 repetamus
464 1534 564 1587 quod
585 1531 670 1572 ante
694 1534 833 1572 dictum
845 1536 915 1578 est,
930 1536 1057 1585 procul
1077 1536 1282 1590 abigendos
1298 1536 1371 1576 effe

90 1586 244 1625 fictitios
258 1600 388 1625 omues
404 1586 491 1624 deos
504 1614 514 1630 ,
527 1599 597 1624 nec
610 1586 836 1624 lacerandum
858 1584 927 1625 effe
940 1588 1079 1626 cultum
1099 1602 1209 1638 quem
1225 1605 1311 1628 vnus
1324 1592 1372 1628 il-

89 1639 126 1677 le
139 1639 203 1677 fibi
227 1639 404 1677 vendicat.
426 1639 532 1691 Qia
542 1652 587 1676 ne
607 1638 793 1677 tantillum
815 1638 963 1689 quidem
986 1653 1029 1678 ex
1045 1643 1119 1678 eius
1143 1642 1263 1693 gloria
1278 1643 1372 1680 deli-

89 1691 178 1729 bare
192 1689 242 1729 fas
256 1693 407 1742 est‚quin
419 1692 511 1740 apud
522 1692 636 1741 ipsum
647 1704 870 1742 quaecunque
883 1693 914 1728 ei
928 1695 1074 1743 propria
1087 1693 1167 1730 sunt
1177 1694 1375 1737 resideant.

89 1744 269 1783 Particula
279 1757 358 1793 quae
379 1741 541 1794 sequitur
555 1770 565 1786 ,
579 1746 716 1780 Coram
738 1741 828 1781 facie
842 1756 924 1780 mea
937 1771 947 1786 ,
961 1744 1212 1797 indignitatem
1239 1760 1367 1799 auget:

88 1793 190 1847 quod
199 1799 297 1834 Deus
308 1796 356 1833 ad
365 1796 555 1848 zelorypii
567 1807 788 1846 prouocatur
803 1796 950 1845 quoties
963 1795 1141 1846 figmenta
1153 1800 1228 1836 nost
1236 1812 1273 1836 ra
1286 1801 1372 1837 sub-

87 1849 270 1887 stituimus
284 1861 321 1884 m
332 1850 408 1885 eius
423 1849 543 1886 locum
558 1864 565 1885 :
579 1847 893 1898 quemadmodum
904 1848 928 1885 fi
939 1848 1121 1900 impudica
1131 1851 1368 1904 mulier,pro-

47 1933 53 1946 J
88 1900 199 1939 dusto
215 1900 334 1951 palam
349 1912 432 1937 ante
443 1900 573 1938 oculos
585 1901 706 1938 mariti
717 1899 894 1943 adultero,
912 1904 984 1938 eius
997 1904 1092 1938 anim
1100 1915 1160 1939 um
1173 1909 1289 1955 magis
1303 1918 1367 1944 vre

29 1972 33 1975 -
87 1964 155 1992 ret⁴
207 1965 291 1989 uum
307 1965 396 2004 ergo
409 1954 572 2002 praesenti
585 1953 647 1991 sua
657 1954 791 1990 virtute
802 1957 833 1989 δε
843 1955 958 2008 gratia
972 1954 1099 1992 testati}
1113 1953 1252 1994 faceret
1265 1959 1368 1994 Deus

86 2005 125 2044 se
137 2005 317 2055 populum
341 2018 452 2055 quem
466 2005 630 2056 elegerat
651 2006 827 2056 respicere
838 2032 848 2048 ,
862 2003 936 2056 quo
949 2009 1063 2056 magis
1086 2004 1105 2043 ὲ
1118 2008 1251 2046 scelere
1263 2008 1370 2047 defe-

88 2058 218 2094 &ioiiis
240 2056 424 2094 deterreat
437 2084 446 2101 ‚
461 2071 533 2094 non
555 2053 655 2108 posse
675 2070 793 2095 nouos
818 2057 905 2095 deos
927 2057 1046 2095 ascisci
1068 2058 1265 2104 admonet,
1279 2066 1368 2112 quin

89 2111 186 2147 testis
200 2109 240 2146 fit
250 2121 290 2146 ac
302 2107 483 2159 speftator
494 2110 681 2147 sacrileoii.
697 2111 796 2147 Huic
808 2112 903 2146 enim
915 2109 1071 2147 audaciae
1085 2111 1282 2162 plurimum
1295 2127 1347 2151 im
1356 2138 1373 2146 -

78 2163 231 2213 ‚pietatis
243 2160 432 2204 accrescit,
446 2161 592 2211 quodin
620 2176 671 2200 uis
686 2160 893 2216 transfugiis
919 2163 988 2200 Dei
1000 2163 1128 2201 oculos
1141 2164 1313 2203 ludificari
1328 2168 1366 2206 se

86 2210 190 2264 'posse
201 2213 351 2251 iudicat.
364 2215 414 2251 Ex
426 2214 579 2252 aduerso
593 2215 771 2252 reclamat
785 2216 978 2257 Dominus,
993 2218 1166 2266 quicquid
1179 2221 1363 2263 struimus,

86 2265 256 2315 quicquid
270 2265 455 2309 molimur,
468 2266 635 2316 quicquid
648 2265 820 2304 fabricam
828 2280 878 2309 us,
894 2269 929 2303 in
943 2269 1174 2318 conspec‘tum
1186 2270 1289 2307 suum
1303 2285 1366 2309 ve-

87 2315 268 2354 nire.Pura
281 2318 322 2356 fit
334 2331 424 2372 ergo
437 2319 657 2357 conscientia
672 2318 727 2356 vel
739 2319 785 2356 ab
807 2316 1056 2358 occultissimis
1067 2322 1248 2372 apostafiae
1262 2327 1365 2378 cogi-

83 2371 328 2413 rationibus‚fi
340 2380 555 2422 religionem
569 2373 727 2408 nostram
740 2371 945 2422 approbare
959 2374 1126 2410 Domino
1137 2374 1366 2427 libensiqui-

82 2420 171 2460 dem
181 2423 366 2477 integram
378 2427 673 2475 &incorruptam
685 2423 887 2464 diuinitatis
898 2424 966 2465 suae
975 2425 1138 2478 gloriam
1153 2440 1228 2466 non
1241 2441 1358 2468 extet-
