1591 2775
230 42 299 69 τοο
634 29 850 67 LIBRI
904 26 1133 69 PRIMI

231 95 433 152 imaginem
447 108 515 134 nos
538 92 789 134 transformari
802 107 977 146 tanquam
989 94 1009 134 ὲ
1028 95 1183 134 Domini
1194 92 1326 148 Spiritu
1337 93 1348 136 Ξ
1359 94 1423 150 qiti
1433 88 1535 143 cert}

230 151 280 187 ita
291 152 326 185 in
343 148 453 186 nobis
466 160 698 199 operatur,vt
712 150 798 185 Deo
810 148 1130 188 consubstantiales
1145 162 1211 186 nos
1224 147 1361 188 reddat.

287 210 310 238 6
363 203 505 239 Animae
515 199 729 238 definitione
742 198 762 236 ὲ
775 198 1000 250 philosophis
1014 214 1142 251 perere
1156 201 1309 239 stultum
1322 199 1421 247 esset,
1435 215 1530 254 quo-

233 266 313 290 rum
325 265 439 290 nemo
453 248 707 303 fere,exccpto
723 251 1126 297 Platone,substantiam
1146 252 1398 292 immortalem
1411 252 1530 294 solide

234 302 486 342 afferuitEam
501 304 609 355 quide
621 306 681 341 alii
693 318 806 355 quoq;
820 307 990 343 Socratici
1002 310 1208 357 attingunt:
1226 305 1346 343 sedita
1365 319 1402 345 vt
1414 321 1530 345 nemo

234 354 360 408 aperte
375 357 509 395 doceat
520 357 563 394 de
578 370 653 407 quo
666 356 740 408 ipse
753 356 937 407 persuasus
950 372 1026 395 non
1038 356 1114 395 fuit.
1140 357 1230 396 Inde
1246 370 1369 396 autem
1383 359 1531 397 Platoni

233 411 369 448 rectior
382 410 582 450 sententia,
597 406 904 462 quodimaginem
930 413 1050 448 Deiin
1069 412 1193 447 anima
1215 411 1430 449 confiderat.
1455 412 1530 450 Alii

236 464 314 500 eius
327 465 510 513 potentias
523 474 563 499 ac
576 458 766 499 facultates
778 465 825 498 ita
837 462 998 512 praesenti
1013 465 1095 500 vitae
1107 460 1314 514 affigunt,vt
1331 475 1435 502 extra
1447 477 1530 502 cor-

230 529 298 566 pus
311 514 398 551 nihil
410 515 593 565 reliquum
607 512 756 551 faciant.
769 513 882 552 Porro
896 527 938 551 ex
951 517 1134 566 Scriptura
1148 512 1233 552 ante
1247 516 1439 553 docuimus
1454 514 1528 554 esse

230 567 465 605 substantiam
485 569 588 604 incor
616 579 744 604 oream
759 580 768 603 ε
781 579 876 604 nunc
894 565 1099 605 addendum
1113 568 1161 604 est
1178 595 1186 608 ‚
1202 569 1355 617 quanuis
1378 564 1527 618 proprie

230 621 316 658 loco
340 632 413 656 non
437 581 767 670 comprellendatur
788 644 799 662 ,
825 620 971 669 corpori
1000 632 1116 657 tamen
1149 620 1304 656 inditam
1334 619 1408 656 illic
1428 620 1528 671 quasi

229 674 267 710 in
284 670 475 710 domicilio
490 670 763 709 habitare:non
777 667 921 708 tantum
944 682 1120 709 vtomnes
1143 673 1219 709 eius
1235 685 1355 722 partes
1371 674 1527 716 animet,

233 729 268 763 &
282 737 421 776 organa
434 723 560 762 reddat
571 735 655 774 apta
668 727 700 760 ὅτ
716 722 814 761 vtilia
826 723 894 760 suis
909 722 1128 765 actionibus,
1142 724 1203 760 sed
1214 727 1325 762 etiam
1339 736 1376 760 vt
1387 726 1527 774 prima-

231 789 313 825 tum
327 779 364 814 in
376 775 536 827 regenda
547 774 705 813 h'ominis
717 777 788 813 vita
799 787 924 813 teneat
937 792 946 812 ι
960 788 1027 812 nec
1039 773 1156 813 solum
1171 774 1245 825 quo
1263 775 1309 813 ad
1321 774 1439 813 officia
1451 789 1527 814 ter-

228 841 325 868 renae
339 830 439 872 virae,
454 827 514 866 sed
530 840 566 867 vt
587 827 633 866 ad
644 830 764 865 Deum
786 827 982 865 colendum
995 827 1100 865 simul
1117 830 1262 866 excitet.
1286 830 1372 866 Hoc
1385 831 1530 878 postre-¹

228 894 331 920 mum
344 881 485 920 tametsi
498 882 533 917 in
546 881 781 931 corruptione
794 879 935 933 liquido
947 894 1019 917 non
1033 882 1287 921 cernitur‚eius
1299 893 1421 919 tamen
1435 882 1527 919 reli-

229 936 321 986 quiae
333 935 368 971 in
382 933 460 985 ipfis
483 934 579 971 vitiis
591 927 766 981 impreffae
789 945 948 970 manent.
970 932 1075 970 Vnde
1088 933 1186 970 enim
1201 945 1301 970 tanta
1315 931 1422 970 famae
1437 945 1526 971 cura

227 986 437 1026 hominibus
452 985 515 1022 nifi
526 999 570 1023 ex
585 984 748 1036 pudore?
763 985 855 1022 vnde
868 997 990 1022 autem
1006 985 1124 1036 pudor
1136 1011 1144 1027 ,
1159 985 1223 1021 nifi
1239 999 1281 1021 ex
1295 985 1436 1023 honesti
1449 986 1526 1023 res-

228 1041 340 1092 pectu
352 1048 362 1077 ἓ
376 1042 476 1077 cuius
491 1039 707 1087 principium
729 1041 763 1074 ὅ(
776 1037 874 1074 causa
889 1038 938 1074 est
951 1064 960 1079 ‚
975 1036 1075 1087 quod
1088 1037 1122 1074 se
1146 1037 1191 1073 ad
1207 1037 1400 1075 colendam
1421 1039 1524 1077 iusti-

228 1095 314 1130 tiam
328 1103 427 1129 natos
451 1087 522 1128 effe
534 1089 744 1142 intelligunt
758 1116 767 1133 ‚
780 1091 814 1126 in
829 1103 900 1139 quo
922 1089 1097 1127 inclusum
1116 1091 1165 1126 est
1178 1089 1368 1140 religionis
1383 1092 1519 1128 semen.

226 1147 325 1182 Sicut
336 1156 459 1181 autem
483 1143 619 1194 absque
641 1141 891 1180 controuerfia
911 1141 955 1179 ad
968 1143 1112 1179 caelestis
1137 1143 1218 1179 vitae
1239 1142 1523 1181 meditationem

224 1195 390 1234 conditus
412 1195 479 1233 fuit
502 1194 617 1232 homo
635 1221 644 1238 ,
659 1195 707 1232 ita
728 1195 804 1233 eius
828 1196 1004 1231 notitiam
1023 1196 1153 1231 animae
1174 1191 1279 1231 fuisse
1301 1194 1523 1244 insculptam

223 1260 368 1287 certum
390 1250 452 1286 est.
476 1243 615 1286 Etsane
639 1247 822 1298 praecipuo
846 1246 1102 1299 intelligentiae
1126 1247 1187 1284 vsu
1209 1258 1350 1284 careret
1368 1247 1525 1285 homost

224 1301 289 1340 sua
311 1314 394 1339 eum
417 1301 550 1338 lateret
579 1298 759 1337 felicitas:
781 1300 880 1337 cuius
903 1300 1081 1349 perfeffio
1105 1299 1155 1335 est
1166 1311 1250 1336 cum
1272 1301 1356 1335 Deo
1369 1300 1525 1337 coniun-

226 1355 330 1391 &cum
352 1347 436 1391 effe.
459 1351 553 1390 vnde
568 1357 601 1389 δε
628 1354 802 1403 praecipua
822 1353 951 1388 animae
971 1352 1069 1390 aetio
1083 1352 1133 1388 est
1154 1351 1288 1388 vtilluc
1309 1349 1454 1400 aspiret.
1479 1363 1524 1390 ac

222 1405 378 1456 proinde
391 1404 468 1457 quo
489 1405 639 1454 quisquc
651 1406 768 1455 magis
788 1403 832 1441 ad
844 1406 969 1441 Deum
995 1402 1167 1441 accedere
1179 1403 1293 1441 studet
1309 1430 1318 1446 ,
1329 1404 1375 1442 eo
1392 1402 1425 1440 se
1438 1417 1526 1454 pro-

222 1459 285 1496 bat
298 1460 441 1496 ratione
459 1454 531 1495 esl'e
544 1456 750 1508 praediturn.
773 1456 853 1507 Qi
868 1456 988 1507 plures
1012 1455 1143 1493 volunt
1158 1452 1228 1492 effe
1248 1459 1433 1494 animasin
1453 1455 1523 1497 ho·

221 1513 320 1549 mine
334 1538 344 1554 ,
360 1510 430 1547 hoc
441 1510 491 1548 est
516 1509 720 1547 senfitiuam
736 1513 769 1545 δε
794 1509 1009 1546 rationalem
1025 1536 1035 1552 ‚
1050 1508 1117 1546 etfi
1132 1507 1299 1546 videntur
1315 1506 1452 1559 aliquid
1466 1507 1523 1545 af-

219 1562 319 1601 ferre
345 1561 539 1614 probabile
555 1589 564 1605 ‚
589 1565 675 1614 quia
699 1563 876 1599 tamenin
900 1574 1028 1599 eorum
1051 1560 1255 1598 rationibus
1279 1561 1371 1599 nihil
1395 1561 1445 1598 est
1461 1560 1523 1598 fir-

221 1629 325 1653 mum
339 1643 348 1659 ‚
362 1613 576 1665 repudiandi
600 1614 704 1651 nobis
730 1614 810 1651 sunt
823 1642 832 1658 ,
846 1613 911 1650 nifi
925 1617 960 1650 in
984 1612 1094 1651 rebus
1113 1610 1257 1650 friuolis
1281 1611 1523 1650 &inutilibus

218 1682 285 1705 nos
309 1680 485 1717 torquere
506 1667 622 1705 libeat
637 1694 646 1703 .
674 1668 849 1718 Magnam
874 1670 1156 1718 repugnantiam
1188 1662 1260 1702 esse
1282 1665 1405 1703 dicunt
1423 1666 1521 1704 inter

217 1722 410 1773 organicos
434 1732 556 1757 motus
585 1719 858 1757 &rationalem
880 1732 1008 1755 ammae
1031 1730 1183 1769 partem.
1208 1717 1329 1770 Qafi
1354 1731 1427 1754 non
1442 1717 1519 1767 ipsa

216 1786 369 1824 quoque
382 1774 476 1809 ratio
500 1773 619 1810 secum
632 1767 818 1812 dissideat,
837 1776 870 1808 δε
890 1773 964 1809 eius
986 1769 1133 1807 consilia
1145 1770 1218 1807 alia
1240 1784 1322 1808 cum
1335 1770 1416 1807 aliis
1440 1782 1519 1807 non

214 1827 315 1863 secus
328 1838 369 1862 ac
386 1824 532 1862 hostiles
556 1826 737 1861 exercitus
749 1825 962 1875 confligant.
981 1823 1052 1860 Sed
1063 1835 1176 1872 quum
1198 1820 1274 1860 haec
1287 1821 1516 1872 perturbatio

216 1876 258 1914 fit
273 1891 318 1915 ex
333 1890 466 1915 naturae
482 1877 960 1927 deprauatione,petperarn
973 1875 1057 1913 inde
1071 1873 1273 1925 colligitur,
1292 1874 1380 1911 duas
1392 1870 1465 1911 effe
1476 1886 1517 1911 a-

213 1932 333 1966 nimas
352 1958 360 1972 ‚
378 1931 464 1980 quia
476 1928 668 1966 facultates
681 1941 752 1979 qua
763 1927 872 1965 decet
885 1926 1095 1974 symmetria
1110 1928 1205 1964 inter
1220 1925 1254 1963 se
1270 1940 1342 1963 non
1357 1940 1400 1964 co
1408 1927 1517 1964 nsen-

214 1987 315 2019 tiant.
342 1979 526 2019 Caeterum
551 1980 596 2018 de
617 1980 696 2031 ipfis
720 1980 951 2018 facultatibus
973 1976 1140 2017 subtilius
1165 1975 1332 2017 differere
1353 1978 1517 2031 philoso-

211 2034 291 2083 phis
307 2037 496 2083 permitto.
517 2034 622 2070 nobis
634 2033 679 2071 ad
703 2031 947 2070 aedificandam
971 2037 1149 2082 pietatem
1169 2030 1319 2081 simplex
1346 2029 1516 2072 definitio

212 2084 384 2124 sufficiet.
405 2089 501 2123 Vera
514 2085 657 2136 quidem
672 2082 756 2127 effe,
775 2099 842 2122 nec
854 2085 1008 2123 iucunda
1020 2081 1133 2120 modo
1147 2088 1313 2134 cognitu,
1326 2082 1385 2120 sed
1397 2086 1512 2127 etiam

209 2140 307 2176 'vtilia
323 2135 394 2177 effe
408 2137 538 2182 fateor,
558 2137 757 2188 dextroque
772 2137 818 2174 ab
831 2138 905 2176 illis
915 2137 1071 2176 colleffla
1083 2149 1159 2187 quae
1171 2135 1330 2177 docent:
1345 2149 1411 2175 nec
1421 2131 1511 2174 vcib

208 2191 254 2228 ab
272 2204 404 2228 eorum
418 2191 537 2228 studio
556 2190 734 2241 prohibeo
748 2193 811 2241 qui
833 2189 991 2228 discendi
1005 2190 1125 2240 cupidi
1141 2188 1233 2229 sunt.
1259 2190 1428 2227 Admitto
1441 2191 1512 2243 igi-

42 2248 84 2279 In
101 2240 193 2279 Tbeae
211 2256 266 2281 tur
284 2246 404 2294 primo
428 2244 513 2280 loco
537 2241 608 2280 esse
632 2244 795 2293 quinque
817 2242 936 2280 sensus
951 2256 1064 2293 ‚quos
1088 2253 1213 2280 tamen
1239 2242 1380 2280 Platoni
1399 2253 1511 2291 orga-

41 2306 118 2332 5eto.
207 2310 253 2334 na
266 2298 383 2349 magis
397 2290 516 2333 vocati
529 2295 668 2347 placet,
682 2296 813 2346 quibus
828 2299 864 2332 in
886 2296 1022 2334 sensum
1044 2307 1284 2332 communem
1301 2321 1310 2336 ‚
1326 2307 1390 2331 ceu
1405 2296 1439 2330 in
1452 2307 1513 2331 re·-

206 2349 436 2400 ceptaculum
451 2348 637 2398 quoddam
654 2376 663 2391 ‚
677 2349 824 2386 obieeta
837 2351 962 2387 omnia
982 2348 1199 2386 instillentur
1218 2361 1227 2382 ε
1244 2347 1343 2397 sequi
1356 2346 1514 2396 phanta-

206 2402 292 2439 fiam
306 2429 314 2443 ,
330 2414 409 2451 quae
423 2399 442 2439 a
456 2400 556 2440 sensu
578 2403 768 2438 communi
790 2400 1015 2452 apprehensa
1036 2399 1233 2437 diiudicet:
1251 2399 1374 2449 postea
1392 2399 1510 2435 ratio-

207 2467 424 2506 nem,pencs
439 2465 549 2507 quam
561 2452 760 2493 vniuersale
777 2455 827 2493 est
842 2449 1217 2506 iudiciumzpostremb
1231 2464 1408 2541 menter-nd,
1428 2461 1509 2540 ‹fqiuae

1410 2516 1427 2541 e
1459 2514 1506 2540 xo
