1591 2775
474 10 728 53 CAPVT
779 8 901 52 VII.
1258 11 1321 57 719

78 94 98 135 ς
149 81 270 125 Venio
285 94 378 121 nunc
393 79 438 119 ad
449 80 734 119 iurisdietionem
751 91 861 130 quam
877 80 950 116 (ine
961 74 1211 117 controuersia
1223 78 1257 118 se
1270 79 1318 118 ha

28 135 161 177 berein
175 148 302 173 omnes
325 126 499 172 Ecclefias
517 131 688 171 Pontifex
713 136 907 172 Romanus
920 127 1148 169 asserit-Scio
1169 144 1318 182 quantae

29 188 163 230 fuerint
175 188 267 225 olim
279 186 324 224 de
340 186 404 223 hac
417 186 718 236 disceptationes.
731 183 875 222 nullum
887 185 984 220 enim
1008 182 1076 221 fuit
1087 193 1230 234 tempus
1242 195 1319 235 quo

30 255 104 281 non
118 242 288 278 Romana
303 237 404 276 sedes
429 239 626 289 imperium
652 239 689 275 in
701 237 788 274 alias
804 234 974 273 Ecclesias
996 237 1232 285 appetiuerir.
1247 240 1322 275 At-

30 306 102 345 que
117 291 285 329 hocloco
308 304 383 328 non
394 289 464 328 erit
486 289 781 340 intempestiuum
795 314 805 330 ‚
821 287 950 337 quibus
965 287 1082 325 modis
1097 287 1221 325 sensim
1233 300 1319 327 tunc

9 385 13 390 ,
31 343 215 384 emerserit
229 342 273 380 ad
286 343 444 393 aliquam
458 343 667 394 potentiam
678 341 914 393 inuestigare.
930 340 1108 377 Nondum
1120 340 1165 376 de
1179 340 1248 377 hoc
1259 342 1320 377 in·-

30 397 136 440 finito
150 396 308 446 irnperio
322 395 474 445 loquor,
493 393 593 446 quod
606 407 679 430 non
695 393 743 429 ita
767 393 908 443 pridem
922 391 987 429 fibi
999 394 1164 442 arripuit.
1177 404 1261 430 nam
1283 391 1321 430 id

8 444 10 447 ’
29 451 70 486 in
82 449 182 485 suum
195 448 317 484 locum
341 444 562 484 differemus.
578 441 704 483 verum
718 443 777 481 liic
789 447 910 496 paucis
933 444 1093 482 indicare
1114 457 1322 496 operaepre-

7 538 9 541 Α
33 503 125 540 tium
141 502 192 537 est
203 500 360 549 qualiter
373 501 463 536 olim
482 504 515 536 δε
539 497 670 546 quibus
683 498 885 534 rationibus
899 495 972 534 sese
995 497 1167 534 extulerit
1180 524 1189 539 ‚
1203 510 1241 535 vt
1253 498 1322 535 ali·-

32 553 113 601 quid
124 553 210 588 iuris
225 551 286 588 libi
303 554 340 589 in
356 551 443 588 alias
459 550 627 587 Ecclefias
642 548 952 600 stimeret.Qum
967 549 1178 587 Orientales
1194 548 1322 587 Eccle-

34 605 89 642 fiae
99 602 219 641 diuisa:
234 601 346 641 effent
366 615 407 640 ac
430 603 583 640 turbatae
603 603 842 639 Atrianorum
864 601 1086 639 fastionibus
1099 627 1108 643 ‚
1134 600 1198 639 sub
1218 603 1322 639 Con-

33 658 165 694 stantio
190 661 222 692 &
245 656 443 692 Constante
459 654 658 692 Caesaribus
679 654 907 691 Constantini
920 655 1044 705 magni
1057 652 1161 696 filiis,
1177 665 1218 690 ac
1234 654 1318 692 sede

35 704 97 747 sua
107 708 226 759 pulsus
237 702 327 745 esset
344 707 555 745 Athanasius
568 705 649 743 fidei
662 706 881 743 orthodoxae
891 709 1088 756 praecipuus
1101 706 1177 742 illic
1190 704 1318 744 defen-

34 759 286 800 sorteiusmodi
298 760 482 796 calamitas
497 759 613 808 ipsum
631 762 789 797 Romam
802 760 925 796 venite
936 761 1073 809 coegit,
1088 771 1125 796 vt
1138 760 1320 798 Romanae

35 812 129 851 sedis
143 811 373 850 authoritate
387 825 463 849 tum
478 812 635 849 hostium
648 808 796 848 suorum
810 810 950 848 rabiem
965 823 1148 861 vtcunque
1160 813 1322 862 reprime

34 877 112 908 ret,
129 877 204 902 tum
218 868 298 914 pios
310 863 513 902 laborantes
534 863 778 901 confirmaret.
791 863 979 913 Susceptus
991 863 1040 900 est
1052 863 1124 912 ipse
1140 862 1322 901 honorifi-

36 913 77 955 ce
92 916 113 954 a
126 916 217 954 {ulio
229 929 317 954 tunc
332 915 572 968 Episcopo‚ac
585 917 748 954 obtinuit
761 927 801 953 vt
813 916 924 953 causae
937 914 1005 952 suae
1020 915 1231 953 detentione
1245 919 1327 962 ()ε·-Δ

38 969 232 1007 cidentales
247 969 478 1020 susciperent.
491 969 626 1020 Qum
639 981 729 1020 ergo
743 969 792 1018 pii
816 979 969 1005 externo
982 968 1145 1016 praelidio
1165 981 1324 1023 magno-

37 1034 125 1074 pere
136 1022 397 1072 indigerent,in
413 1025 582 1060 Romana
593 1025 674 1058 aure
693 1020 846 1057 Ecclefia
861 1032 1053 1056 cernerent
1065 1020 1127 1057 sibi
1139 1023 1323 1070 optimum

39 1071 110 1110 esse
122 1070 321 1124 praefidium
337 1100 346 1116 ‚
360 1070 520 1111 libenter
532 1076 566 1110 ei
579 1073 797 1110 deferebant
812 1070 920 1123 quarn
936 1071 1135 1122 plurimum
1151 1084 1326 1122 poterant

38 1126 284 1164 authoritatis.
297 1123 432 1164 Verum
446 1126 485 1162 id
506 1136 628 1163 totum
651 1123 739 1161 nihil
762 1123 860 1163 aliud
873 1137 947 1161 erat
968 1124 1032 1160 nisi
1048 1136 1084 1160 vt
1096 1128 1219 1179 magni
1232 1127 1327 1163 aesti-

40 1180 284 1216 maretureius
295 1177 572 1219 communio,ab
584 1189 626 1214 ea
638 1188 761 1214 autern
775 1176 1329 1229 ετκεοῐῐπῐιιιιυεῑιῑίι’ἓηωῃίιιίο.Ι
1340 1183 1350 1193 ·

40 1230 116 1268 sum
130 1230 470 1267 duceretur.1>0stea
483 1229 570 1266 mali
587 1234 618 1267 Sc
637 1227 798 1277 improbi
809 1228 968 1266 multum
983 1229 1044 1278 ipsi
1065 1242 1213 1280 quoque
1224 1230 1326 1267 addi-

0 1304 3 1308 >
39 1282 271 1320 deruntrnam
283 1294 321 1319 vr
332 1282 499 1335 legitima
511 1281 647 1318 iudicia
660 1278 877 1334 effugerent.
891 1279 937 1318 ad
950 1280 1019 1317 hoc
1032 1282 1173 1332 asylum
1188 1281 1223 1319 se
1236 1296 1328 1321 con-

39 1333 352 1383 ferebant-Itaque
363 1336 468 1384 liquis
484 1334 678 1385 Presbyter
690 1334 784 1370 asuo
798 1332 990 1384 Episcopo,
1005 1332 1113 1384 siquis
1129 1334 1327 1385 Episcopus

0 1417 5 1431 k
40 1383 63 1425 ὲ
74 1385 222 1437 Synndo
236 1386 302 1423 suae
313 1388 508 1437 prouinciae
520 1386 707 1423 damnatus
721 1397 808 1428 erat,
821 1386 940 1422 statim
954 1386 1179 1435 prouocabat
1190 1390 1327 1427 Romi.

43 1438 88 1476 Et
101 1440 161 1475 bas
175 1439 440 1488 appellationes
453 1439 612 1478 Romani
630 1439 794 1490 Episcopi
809 1438 972 1488 cupidius
986 1436 1093 1489 quam
1107 1452 1170 1489 par
1180 1453 1258 1478 etat
1271 1454 1332 1480 re-

42 1491 244 1542 cipiebant:
262 1489 359 1541 quod
372 1491 561 1529 videbatur
582 1487 653 1528 effe
668 1491 801 1542 species
824 1490 1115 1529 extraordinariae
1126 1493 1329 1541 potestatis,

0 1568 2 1572 ,
42 1544 80 1581 se
92 1540 204 1593 longe
221 1542 366 1593 lateque
377 1550 429 1580 ita
441 1547 600 1596 negotiis
613 1548 861 1595 interponere.
876 1544 929 1580 Sic
941 1545 1013 1593 quii
1028 1543 1209 1592 Eutyches
1222 1542 1242 1582 ὲ
1252 1545 1334 1584 Fra..

2 1595 9 1603 '
47 1597 161 1633 niano
185 1597 598 1645 Constantinopolitano
620 1595 816 1634 damnatus
830 1593 916 1633 effet
929 1621 938 1637 ,
951 1596 1047 1646 apud
1064 1598 1231 1634 Leonem
1244 1611 1336 1637 con-

7 1671 17 1676 a
44 1648 188 1698 questus
202 1648 251 1683 est
264 1645 397 1685 faciam
410 1648 472 1686 fibi
487 1645 559 1685 effe
576 1648 792 1685 iniuriaJlle
807 1648 895 1684 nihil
907 1652 1334 1699 moratus,patr0cinium

44 1700 148 1737 malac
160 1699 273 1736 causae
284 1714 357 1737 non
372 1697 492 1738 minus
506 1713 645 1738 temere
656 1698 764 1751 quam
777 1698 897 1737 subito
911 1699 1336 1750 suscepit.inFlauianum

47 1755 206 1803 grauiter
222 1752 389 1790 inuectus
406 1755 455 1790 est
469 1780 478 1794 ‚
491 1753 590 1803 quasi
602 1755 792 1804 incognita
811 1752 913 1790 causa
925 1751 1115 1790 hominem
1138 1756 1338 1794 innoxium

17 1809 19 1812 ’
46 1801 369 1854 damnaffet.atque
384 1803 448 1842 hac
463 1807 522 1843 sua
533 1806 739 1843 ambitione
751 1801 873 1842 effecit
883 1805 1154 1856 vtEutycbiana
1167 1809 1341 1859 impietas

48 1854 168 1907 spacio
183 1859 360 1908 temporis
372 1856 405 1894 se
428 1856 674 1900 confirmaret.
694 1861 734 1895 In
748 1855 870 1895 Africa
882 1857 920 1894 id
931 1856 1056 1908 saepius
1068 1858 1236 1897 accidisse
1249 1874 1341 1899 con-

49 1908 237 1947 stat.fimul
249 1911 348 1947 enim
361 1922 402 1946 ac
414 1910 553 1949 nebulo
563 1911 739 1961 quispiam
759 1911 795 1947 in
807 1909 996 1947 ordinario
1006 1910 1144 1948 iudicio
1157 1911 1340 1953 succubue

50 1960 319 2003 rat,aduolabat
331 1965 510 2006 Romam,
525 1963 646 2000 multis
658 1963 846 2000 calumniis
859 1963 939 1999 suos
951 1966 1126 2013 grauabat
1140 1979 1149 2002 ε
1164 1967 1340 2004 Romana.

50 2025 173 2050 autern
187 2013 286 2050 sedes
302 2018 537 2064 interponere
560 2013 594 2053 se
607 2014 747 2065 semper
758 2026 835 2056 erat
850 2027 986 2064 parata.
1000 2015 1099 2067 Qae
1123 2018 1342 2068 improbitas

53 2066 177 2116 coegit
191 2063 381 2103 Africanos
395 2067 588 2118 Episcopos
601 2068 736 2106 sancire
747 2069 876 2117 nequis
888 2067 950 2105 sub
961 2080 1070 2119 poena
1083 2073 1343 2110 excommuni-

54 2119 204 2155 cationis
217 2118 308 2155 vlrra
320 2131 422 2156 mare
437 2132 669 2169 prouocaret.

110 2178 132 2206 6
185 2170 378 2221 Qicquid
388 2183 512 2209 tamen
526 2172 649 2214 fuerit,
664 2171 888 2222 inspiciamus
901 2170 989 2223 quid
1010 2175 1096 2212 iuris
1107 2187 1171 2214 aut
1181 2177 1340 2226 potesta-

55 2222 102 2258 tis
117 2221 286 2259 habuerit
306 2235 391 2260 tunc
402 2226 572 2262 Romana
594 2225 706 2262 sedes.
726 2227 946 2263 Continetur
958 2238 1081 2264 autem
1104 2229 1261 2278 potestas
1277 2230 1344 2266 Ec-

57 2273 250 2311 clefiastica
263 2274 319 2311 his
329 2288 487 2325 quatuor
499 2277 944 2327 capitibus‚Ord1natione
960 2279 1192 2330 hpiscoporfi‚
1209 2283 1343 2319 Conci-

56 2323 190 2362 liorum
201 2325 396 2364 induitione
408 2354 419 2369 ,
436 2328 632 2367 Audiendis
653 2329 964 2381 appellationibus
975 2335 1061 2370 .'aut
1083 2331 1341 2377 iurisdictione,

34 2387 41 2389 ⁴
63 2377 335 2416 Monitionibus
360 2380 601 2432 castigatoriis
614 2408 623 2423 ,
638 2394 699 2419 aut
710 2384 883 2423 censuris.
908 2382 1080 2421 Ordinari
1104 2384 1301 2435 Episcopos
1324 2383 1345 2424 Ξ

58 2430 130 2467 suis
146 2430 397 2482 Metropolim
411 2436 540 2486 iubent
549 2446 679 2484 omnes
692 2447 832 2474 veteres
848 2434 986 2486 Synodi
1001 2463 1011 2482 ,
1023 2436 1161 2489 nusqui
1171 2436 1344 2476 aduocari
